2168 3278
1087 150 1144 221 ⁵4

301 274 376 330 qni
413 287 513 320 eum
547 274 722 319 Africae
764 271 952 319 tractum
985 277 1145 329 tenent,
1189 273 1264 330 qui
1304 272 1394 319 est
1408 274 1467 319 ad
1507 258 1628 321 mare
1662 259 1930 321 intefiimit'e

298 339 477 399 regione
505 342 672 387 Iberiae
701 342 812 387 situs
840 342 918 396 (τὰ
935 341 1248 399 λιιετυιγώνιιιι).ι
1276 331 1559 408 Numidarum
1581 328 1714 422 terra
1724 338 1930 389 &uma

297 414 478 455 vocatur
507 410 794 465 (Νομαδία).’

266 491 270 493 “
349 483 353 487 ’
412 473 478 522 De
505 476 786 522 occidentalis
816 491 918 521 orae
939 467 1120 534 populis
1136 478 1265 534 paulo
1288 478 1405 521 insta
1429 477 1585 522 dicturi
1612 488 1775 524 sumus.
1793 476 1929 524 ⁴{actius

294 550 444 590 autem
474 543 648 590 Africae
685 546 863 589 extremi
908 545 1128 590 meridiem
1166 558 1314 589 versus
1352 542 1584 603 Aethiopes
1620 544 1863 603 sunt,q1iiss
1873 542 1929 591 ab

299 614 463 658 oriente
486 613 546 657 ad
566 613 829 657 occidentem
858 618 994 657 totam
1018 618 1175 663 terram
1204 618 1365 668 tenent,
1399 625 1512 668 quae
1534 612 1764 671 Aethiopia
1795 613 1929 658 nonii-

298 686 440 727 natur
496 696 599 727 nam
628 676 850 726 orientalis
889 680 985 749 ejus
1014 695 1116 739 pars
1146 697 1240 727 cum
1271 681 1376 727 Asia
1411 681 1594 727 fortasse
1636 682 1846 737 cohaeret,
1883 682 1929 726 in

300 749 559 795 occidentali
584 754 728 793 autem
756 749 933 794 Africae
952 750 1090 806 litore,
1116 749 1229 806 quod
1252 754 1317 793 est
1346 750 1404 794 ad
1424 751 1652 806 Oceanum,
1679 749 1763 794 duo
1787 748 1929 794 Aethi-

301 831 429 874 opum
454 817 604 874 populi
634 821 1032 865 commemorantur.

414 883 454 927 5.
512 882 783 939 Quamquam
824 883 993 928 Africae
1041 889 1085 928 et
1132 884 1285 929 Asiae
1314 884 1440 929 finem
1483 884 1626 928 Nilum
1670 897 1764 928 esse
1814 882 1929 938 dicit,

300 956 445 995 tamen
482 952 540 994 ad
569 952 709 1008 ipsum
748 952 924 994 fluvium
953 951 1097 994 Africa
1138 950 1225 995 non
1269 953 1464 1010 pertinet,
1508 951 1585 995 sed
1610 951 1715 1008 Apis
1741 952 1930 1009 Aegypti

301 1023 451 1076 portus
480 1019 770 1074 nominaui-,³
814 1018 887 1074 qui
926 1032 1012 1062 non
1047 1020 1194 1076 procul
1235 1032 1263 1064 a
1304 1021 1458 1064 finibus
1487 1020 1750 1076 Cyrenaicae
1763 1022 1782 1049 ⁴
1823 1025 1865 1064 et
1902 1034 1929 1064 a

299 1100 459 1142 magno
491 1086 771 1131 Catabathmo
799 1086 909 1129 situs
933 1091 1011 1131 est.
1027 1089 1044 1115 ⁶
1100 1087 1168 1130 hic
1193 1088 1499 1131 Catabathmus
1536 1087 1634 1129 finis
1663 1087 1836 1131 Africae
1865 1092 1931 1130 est

301 1158 451 1198 contra
472 1155 732 1211 Aegyptum,
768 1167 854 1196 non
895 1155 1042 1210 procul
1081 1169 1109 1198 a
1146 1155 1255 1198 mari
1291 1156 1413 1210 situs,
1457 1169 1539 1210 quo
1579 1156 1673 1198 loco
1702 1154 1863 1209 Libyes
1887 1159 1930 1198 et

302 1217 533 1279 Cyrenaici
562 1225 712 1266 contra
748 1221 987 1278 Aegyptios
1025 1235 1072 1266 se
1108 1222 1407 1266 defendebant.
1465 1223 1585 1278 cujus
1630 1220 1932 1266 Cathabathmi

301 1290 531 1344 angustias
561 1289 634 1343 qni
669 1289 914 1342 transierat,
954 1290 1282 1345 Tetrapyrgiam
1310 1290 1392 1333 sibi
1428 1290 1537 1333 vidit
1564 1289 1815 1345 subJectam,
1858 1290 1931 1332 ubi

303 1370 466 1412 magna
489 1370 628 1411 aquae
649 1356 774 1412 copia
798 1361 1162 1400 commemoratur.
1191 1357 1291 1400 inde
1312 1371 1388 1413 per
1401 1362 1565 1414 septem
1590 1357 1755 1400 dierum
1777 1357 1932 1400 itinera

304 1425 519 1469 desertum
543 1428 648 1467 erat.
663 1427 681 1452 ⁶

416 1491 455 1534 6.
513 1491 733 1534 Maximae
762 1495 804 1533 et
832 1490 1141 1547 pulcherrimae
1183 1496 1329 1547 partes
1361 1492 1529 1535 Africae
1567 1491 1931 1546 Carthaginiensi-

304 1561 384 1603 bus
408 1559 628 1614 subjectae
656 1562 790 1611 erant,
836 1570 1013 1611 quorum
1037 1558 1262 1614 imperium
1295 1572 1321 1601 a
1355 1559 1562 1602 columnis
1588 1570 1724 1613 usque
1752 1558 1810 1602 ad
1836 1558 1932 1601 Phi—

262 1661 264 1664 .
303 1624 419 1670 laeni
453 1638 554 1669 aras
586 1625 651 1680 (οἱ
681 1625 876 1669 Φιλαίνου
902 1626 1090 1680 βωμοίΊ)
1124 1625 1378 1681 pertinebat,
1407 1632 1633 1682 quaesunt
1655 1626 1711 1669 ad
1726 1636 1932 1682 magnam

302 1694 480 1772 Syrtim..
538 1693 594 1736 ad
630 1706 809 1749 parvam
840 1693 999 1748 Syrtim
1038 1694 1241 1749 Emporia
1257 1696 1274 1721 ⁸
1317 1699 1437 1748 sunt,
1485 1695 1637 1737 fertilis
1677 1698 1720 1736 et
1762 1694 1934 1750 pulcher

303 1775 423 1818 ager,
467 1762 514 1804 in
557 1775 642 1816 quo
673 1761 901 1804 multitudo
943 1761 1111 1803 urbium
1141 1765 1247 1815 erat,
1290 1767 1333 1804 et
1362 1763 1477 1805 unde
1504 1761 1933 1820 Carthaginiensibus

303 1829 491 1887 plurima
516 1833 560 1873 et
580 1827 639 1872 ad
667 1841 789 1872 usum
812 1828 1030 1885 publicum
1055 1832 1097 1871 et
1123 1827 1181 1872 ad
1210 1828 1423 1885 privatum
1449 1829 1659 1909 redibant.
1699 1828 1932 1886 Byzacium

306 1895 355 1956 (ἦ
385 1896 619 1948 Bvauui‘ng¹³
646 1896 715 1940 vel
739 1897 919 1948 Βυζακίς
933 1898 1007 1950 ¹⁰).

420 1966 524 2021 Ipsa
552 1963 769 2019 Carthago
788 1967 822 1991 ¹¹
863 1964 908 2006 in
937 1964 1034 2007 sinu
1074 1965 1158 2007 sita
1187 1969 1264 2019 est,
1310 1966 1354 2007 in
1391 1978 1514 2018 quem
1548 1965 1804 2021 paeninsula
1837 1979 1932 2020 pro-

312 2034 456 2088 currit,
486 2045 617 2088 quam
645 2032 702 2075 ab
729 2045 812 2074 una
841 2036 964 2086 parte
995 2045 1114 2075 mare
1143 2032 1289 2087 cingit,
1319 2033 1373 2075 ab
1404 2033 1540 2076 altera
1569 2033 1691 2077 lacus
1716 2032 1933 2088 plerisque

308 2103 353 2146 in
383 2101 502 2146 locis.
552 2099 746 2153 isthmus,
777 2112 860 2154 quo
884 2100 984 2143 urbs
1011 2113 1105 2144 cum
1133 2099 1277 2144 Africa
1292 2099 1501 2156 cohaeret,
1524 2101 1612 2145 fere
1634 2099 1791 2156 viginti
1811 2100 1933 2155 quin-

305 2182 388 2224 que
416 2168 562 2212 stadia
591 2168 706 2210 latus
734 2172 812 2221 est,
840 2168 1078 2211 tumulosus
1094 2170 1132 2195 ¹²
1156 2173 1198 2210 et
1225 2168 1443 2210 difficilem
1466 2167 1695 2211 transitum
1723 2168 1934 2225 praebens

303 2251 393 2281 una
429 2240 594 2279 tantum
624 2235 699 2278 via
743 2240 835 2278 arte
875 2236 1004 2289 facta,
1050 2249 1161 2290 quae
1203 2248 1288 2278 uno
1330 2239 1460 2289 ponte
1500 2235 1721 2279 Maearam
1758 2236 1933 2280 fiuvium

303 2304 460 2348 transit
488 2302 753 2359 (Μακάρας).
771 2304 808 2330 ¹³
838 2302 905 2345 hic
933 2303 1087 2346 fluvius
1109 2302 1355 2358 plerumque
1381 2314 1495 2356 aqua
1523 2303 1750 2346 abundans
1769 2303 1932 2346 nullum

305 2372 440 2415 aiium
459 2369 690 2413 transitum
709 2370 901 2425 praebet,
927 2370 1305 2425 Carthaginienses
1331 2373 1473 2412 antem
1496 2382 1626 2426 prope
1648 2369 1804 2416 ostium
1827 2369 1933 2425 ejus,

304 2452 400 2483 cum
430 2436 607 2493 quidam
632 2437 748 2480 venti
775 2437 939 2480 flabant
965 2442 1008 2481 et
1035 2451 1189 2492 aquam
1217 2437 1514 2493 reprimebant,
1542 2437 1816 2482 transierunt.
1847 2429 1933 2481 non

303 2505 453 2563 procul
477 2517 505 2547 a
523 2504 786 2558 Carthagine
814 2504 872 2546 ad
902 2517 997 2546 eam
1026 2504 1170 2546 isthmi
1194 2508 1371 2560 partem,
1405 2516 1517 2562 quae
1530 2504 1592 2555 ad
1611 2514 1728 2547 mare
1754 2508 1933 2561 spectat,

303 2574 433 2619 Utica
462 2576 529 2616 est
556 2569 601 2629 (ἡ
628 2576 713 2613 τῶν
742 2568 944 2613 Ἰτυκαίων
970 2571 1105 2622 πόλις,
1136 2570 1263 2627 Ἰτύκη
1279 2574 1344 2625 ¹⁴),
1374 2571 1431 2613 ad
1461 2571 1641 2614 alteram
1660 2577 1704 2615 et
1718 2572 1776 2615 ad
1791 2573 1932 2616 laeum

303 2643 449 2686 Tunes
478 2637 522 2695 (ὁ
557 2638 689 2696 Τύνης
704 2640 775 2694 ¹⁵),
808 2652 920 2694 quae
938 2639 1037 2683 urbs
1054 2652 1081 2683 a
1096 2639 1356 2696 Carthagine
1369 2643 1536 2682 centum
1551 2638 1706 2694 viginti
1725 2639 1881 2696 stadia,
1897 2643 1935 2669 ¹⁶

302 2710 370 2753 vel
400 2712 571 2752 centum
590 2710 626 2736 ¹⁷
656 2708 794 2762 abest,
825 2711 983 2750 natura
1007 2707 1091 2750 loci
1121 2712 1164 2751 et
1186 2712 1279 2751 arte
1309 2706 1489 2761 munita,
1518 2705 1632 2750 unde
1650 2711 1744 2752 tota
1758 2709 1933 2754 Cartha-

398 2901 410 2922 ¹
434 2904 468 2941 3,
492 2904 547 2935 33.
576 2903 626 2934 13.
676 2900 692 2921 ²
717 2904 773 2945 37,
806 2905 858 2935 ιο,
889 2903 919 2936 7.
970 2899 983 2920 ³
1008 2904 1061 2941 31,
1088 2903 1140 2936 26.
1168 2903 1198 2933 8.
1249 2902 1303 2934 27.
1330 2904 1359 2931 3.
1409 2898 1423 2919 ⁴
1448 2903 1502 2943 31,
1529 2897 1640 2936 2656.
1704 2900 1718 2922 ⁵
1742 2905 1798 2946 31,
1820 2904 1875 2937 27.
1902 2906 1932 2936 9.

303 2962 346 2992 cs.
371 2960 454 2993 Sall.
478 2960 555 2991 bell.
583 2961 655 3000 lug.
695 2963 746 2994 17.
808 2959 915 2993 strab.
952 2962 1028 2990 791.
1064 2961 1140 2993 798.
1203 2958 1218 2979 ⁸
1245 2961 1299 3000 31,
1325 2959 1378 2989 27.
1411 2961 1459 2989 il.
1522 2957 1537 2976 ⁷
1561 2960 1594 3000 3,
1618 2960 1671 2992 39.
1697 2961 1726 2991 2.
1786 2957 1802 2978 ⁸
1827 2961 1859 3001 3,
1880 2961 1934 2991 23.

306 3018 339 3051 2.
364 3020 428 3050 eet.
492 3013 574 3048 ’112
642 3015 673 3036 ¹⁰
698 3019 751 3058 12,
790 3020 818 3050 1.
856 3020 883 3049 1.
920 3027 961 3048 ex
996 3016 1110 3057 Stepb.
1145 3018 1222 3056 Byz.
1258 3016 1345 3054 conj.
1371 3015 1470 3047 Salm.
1538 3013 1562 3034 ¹¹
1595 3018 1622 3057 l,
1648 3018 1702 3051 73.
1768 3013 1799 3035 ¹²
1825 3018 1855 3057 1,
1880 3019 1933 3051 75,

307 3071 339 3091 ¹³
362 3074 408 3105 ib.
462 3070 490 3091 ¹⁴
518 3076 547 3113 1,
575 3075 628 3105 73.
654 3076 683 3104 5.
736 3071 765 3091 ¹⁵
789 3075 834 3105 ib.
887 3071 917 3091 ¹⁶
944 3077 973 3114 1,
998 3074 1049 3103 67.
1079 3075 1130 3104 13.
1184 3070 1211 3090 ¹²
1238 3073 1292 3113 14,
1320 3074 1368 3102 10.
1395 3073 1426 3104 3.
