2168 3278
1071 103 1129 152 30

279 232 337 276 sit
365 232 571 288 imitatus,
602 232 776 277 domum
806 233 1033 290 splendide
1063 237 1324 278 exstructam
1353 239 1397 279 et
1431 236 1647 291 argenteis
1679 233 1915 290 {anteimue

279 302 516 346 crateribus
538 306 736 346 ornatam
758 302 1058 359 descripserat,
1089 315 1142 344 ex
1163 315 1246 356 quo
1268 302 1401 346 etiam
1429 309 1626 360 apparet,
1654 318 1742 348 non
1765 304 1912 349 vinum

278 369 424 413 Iberos
457 373 643 425 potasse,
671 370 749 413 sed
772 370 1024 414 cerevisiam
1042 373 1056 397 1
1087 364 1216 427 (οἶνος
1242 371 1460 427 κρίθινος).
1521 371 1683 416 eisdem
1710 384 1804 416 mos
1832 371 1914 415 fuit

282 451 310 480 a
339 437 534 492 patribus
564 437 751 480 traditus
781 442 829 480 ut
856 438 901 480 in
929 438 1093 493 proelia
1114 437 1343 493 profecturi
1370 438 1528 481 tunicis
1552 438 1698 482 linteis
1726 451 1916 496 purpura

280 505 497 550 distinctis
513 518 561 550 se
577 510 792 551 ornarent.
809 507 825 532 ²
856 505 989 549 scutis
1009 509 1152 549 autem
1170 505 1381 550 similibus
1406 506 1648 560 utebantur,
1673 520 1726 550 ae
1752 506 1914 560 Celtae,

279 574 357 617 sed
386 574 548 630 gladiis
575 573 675 617 aliis
709 572 913 629 (μάχαιρα
943 571 1134 630 ἷβηρική),
1176 573 1230 616 de
1261 574 1414 628 quibus
1439 573 1590 618 eadem
1618 579 1779 629 narrat,
1803 587 1914 629 quae

280 642 333 686 de
350 641 658 686 Celtiberorum
678 641 853 697 gladiis.
883 654 1127 685 mueronem
1145 640 1259 685 enim
1284 641 1470 687 habebat
1500 641 1674 698 gladius
1702 646 1745 687 et
1775 641 1912 686 aciem

277 724 332 753 ex
373 715 554 765 utraque
595 715 743 766 parte,
782 722 865 763 quo
908 709 1057 764 gladio
1105 709 1287 765 hispano
1325 710 1453 754 etiam
1486 709 1673 754 Romani
1716 710 1762 753 in
1801 709 1911 752 bello

277 779 434 832 punico
473 778 663 822 seeundo
707 782 807 820 sunt
832 777 913 830 usi,
958 777 1263 820 Celtiberorum
1295 782 1439 822 autem
1465 779 1622 822 ferrum
1652 777 1911 833 gladiorum-

279 859 360 900 que
389 846 556 889 fabriea
590 846 723 888 multo
764 844 828 887 eis
855 845 1143 887 Romanorum
1175 847 1428 901 praestabat
1457 859 1596 901 neque
1621 844 1805 889 Romani
1834 844 1912 887 illa

276 913 437 956 imitari
464 916 675 969 poterant.
693 914 710 939 ³

390 992 524 1036 Iberis
554 991 667 1034 inter
697 990 867 1034 Iberum
900 990 1076 1034 fluvium
1109 995 1152 1035 et
1189 992 1436 1048 Pyrenaeos
1464 992 1675 1048 Ilurgetes
1705 991 1909 1036 adnume-

275 1066 436 1115 rantur,
451 1064 468 1088 1
497 1061 565 1103 vel
593 1060 811 1113 Ilergetes.
829 1062 846 1087 ⁵
890 1060 991 1102 urbs
1021 1064 1165 1102 autem
1192 1057 1438 1117 Ἰλούργεια,
1469 1074 1599 1116 quam
1630 1061 1774 1116 Steph.
1806 1061 1908 1117 Byz.

275 1144 329 1173 ex
359 1130 424 1172 XI
453 1127 621 1183 Polybii
660 1128 769 1170 libro
809 1127 927 1181 citat,
973 1141 1060 1170 non
1096 1129 1140 1170 in
1178 1128 1259 1172 hae
1294 1130 1473 1185 regione
1500 1127 1701 1186 ponenda
1727 1133 1804 1182 est,
1831 1127 1909 1171 sed

273 1211 369 1241 eum
399 1196 511 1241 Livii
542 1195 724 1249 Illiturgi
741 1197 776 1219 δ’
800 1199 843 1238 et
882 1195 1071 1253 Appiani
1099 1193 1287 1254 Ἰλυργίᾳ
1311 1210 1339 1241 a
1365 1196 1566 1254 Scipione
1593 1200 1781 1252 vastata,
1811 1208 1908 1240 eon·

273 1265 464 1309 ferenda.
540 1269 711 1320 praeter
752 1264 962 1317 Ilurgetes
1000 1264 1078 1306 hoe
1119 1265 1163 1306 in
1201 1270 1339 1309 tractu
1377 1266 1671 1308 nominantur:
1711 1264 1909 1318 Bargusii

274 1331 499 1376 Aerenosii
525 1331 748 1374 Andosini.
764 1333 779 1358 ⁷
834 1330 879 1373 in
916 1330 1068 1374 eadem
1108 1332 1274 1376 Iberiae
1318 1332 1494 1386 regione
1529 1332 1654 1376 urbes
1694 1331 1752 1375 ad
1790 1344 1908 1374 mare

272 1401 486 1444 internum
532 1399 643 1442 sitae
699 1402 821 1442 erant
871 1398 1070 1452 Tarraco,
1087 1401 1104 1426 ⁸
1157 1401 1417 1457 Emporium,
1433 1401 1450 1427 ⁹
1487 1400 1532 1443 in
1583 1398 1907 1444 mediterraneis

271 1468 409 1512 Cissa.
426 1470 465 1494 ¹⁰

385 1569 425 1612 7.
472 1569 610 1611 Trans
635 1569 803 1611 Iberum
828 1567 909 1612 hae
935 1573 1034 1612 sunt
1062 1569 1210 1613 urbes:
1242 1569 1484 1624 Saguntum
1513 1568 1742 1624 (Ζάκανθα,
1772 1564 1800 1624 ἡ
1824 1570 1906 1620 τῶν

272 1639 550 1680 Ζακανθαίων
578 1635 731 1690 πόλις),
749 1638 785 1663 ¹¹
827 1637 928 1679 urbs
971 1637 1018 1679 in
1051 1635 1136 1680 fine
1172 1650 1316 1680 eorum
1357 1637 1564 1680 montium
1602 1636 1789 1690 condita,
1833 1635 1905 1690 qui

270 1704 455 1747 Iberiam
485 1717 512 1745 a
542 1702 773 1745 Celtiberia
816 1707 1031 1758 separant.
1107 1703 1204 1759 ipsa
1244 1717 1271 1746 a
1307 1703 1418 1746 mari
1455 1704 1545 1748 fere
1569 1708 1732 1759 septem
1760 1702 1905 1746 stadia

271 1772 423 1815 aberat
452 1776 495 1814 et
523 1770 785 1814 fertilissimo
829 1771 1049 1814 fruebatur
1078 1784 1197 1827 agro,
1238 1772 1308 1826 qui
1350 1772 1546 1815 omnibus
1575 1772 1743 1815 Iberiae
1779 1784 1901 1825 prae·

270 1840 428 1883 stabat.
446 1841 482 1866 ¹²
540 1839 830 1894 quadraginta
858 1839 1003 1882 stadia
1046 1839 1102 1882 ab
1139 1839 1241 1881 urbe
1275 1839 1451 1884 Veneris
1490 1839 1694 1895 templum
1726 1843 1818 1883 erat
1845 1838 1903 1881 ad

271 1920 391 1949 mare
416 1906 557 1949 situm.
575 1907 614 1934 ¹³

386 1987 435 2027 In
461 1985 608 2027 media
632 1986 800 2028 Iberiae
828 1998 904 2027 ora
934 1986 1034 2028 urbs
1066 1988 1159 2028 erat
1188 1999 1216 2027 a
1253 1986 1679 2040 Carthaginiensibus
1716 1984 1902 2044 condita,

272 2066 384 2108 quae
409 2067 436 2095 a
454 2052 632 2108 Polybio
662 2052 795 2109 Καινή
825 2052 952 2104 πόλις
978 2052 1172 2109 plurimis
1194 2053 1239 2096 in
1263 2053 1368 2098 locis
1397 2059 1586 2109 vocatur,
1605 2056 1643 2082 ¹⁴
1673 2052 1751 2097 sed
1772 2052 1901 2096 etiam

272 2121 429 2177 punico
469 2120 641 2163 nomine
668 2120 870 2176 Polybius
902 2120 1034 2163 utitur
1062 2120 1367 2175 Carthaginem
1408 2134 1504 2165 eam
1536 2121 1774 2178 appellans,
1790 2122 1827 2148 ¹⁵
1859 2124 1903 2162 et

269 2202 424 2231 novam
470 2188 774 2242 Carthaginem
814 2200 911 2230 eam
952 2201 980 2230 a
1026 2188 1242 2231 nonnullis
1286 2189 1553 2232 nominatam
1593 2202 1688 2232 esse
1732 2187 1848 2230 dicit.
1865 2190 1901 2215 ¹⁶

270 2257 379 2299 hane
410 2255 555 2298 urbem
587 2254 967 2309 Carthaginienses
999 2259 1327 2311 occupaverant,
1362 2270 1457 2300 eum
1491 2261 1584 2301 tota
1606 2256 1710 2305 ‚fere
1734 2254 1901 2299 Iberiae

268 2337 343 2365 ora
369 2323 530 2365 nullum
557 2322 691 2364 alium
717 2323 922 2377 majorem
948 2328 991 2365 et
1018 2322 1228 2365 elassibus
1254 2328 1402 2378 aptum
1423 2329 1588 2379 portum
1610 2324 1847 2379 praeberet,
1863 2323 1899 2350 ¹⁷

268 2396 310 2434 et
339 2403 432 2434 eam
466 2389 531 2432 illi
580 2389 639 2432 ad
677 2402 744 2432 res
775 2394 817 2433 et
850 2391 895 2433 in
936 2390 1079 2433 Iberia
1123 2395 1166 2434 et
1207 2391 1252 2434 in
1277 2390 1423 2434 Africa
1465 2391 1676 2446 gerendas
1704 2394 1899 2447 opportu-

268 2458 446 2501 nissime
485 2457 615 2500 sitam
634 2459 672 2483 ¹⁸
712 2457 775 2499 ita
814 2458 1126 2512 instruxerant,
1165 2462 1212 2501 ut
1250 2458 1380 2502 deeus
1422 2463 1465 2502 et
1503 2459 1626 2513 quasi
1661 2471 1740 2501 arx
1777 2458 1899 2514 regia

266 2526 435 2569 Iberiae
454 2525 694 2568 haberetur.
712 2527 750 2552 19
782 2538 834 2568 ex
857 2538 910 2568 ea
932 2530 1046 2568 terra
1070 2525 1263 2579 marique
1282 2526 1489 2570 bellantes
1505 2525 1713 2569 auxilium
1734 2539 1900 2582 semper

266 2598 410 2651 petere
450 2596 661 2648 poterant,
700 2605 796 2635 eum
834 2606 995 2647 magna
1026 2592 1099 2635 ibi.
1117 2593 1343 2637 multitudo
1382 2594 1570 2648 cujusvis
1599 2594 1768 2649 generis
1809 2594 1897 2650 opi-

264 2663 391 2705 ficum
414 2665 592 2715 extaret,
608 2663 647 2688 2⁰
677 2673 807 2715 quam
840 2660 924 2703 loci
947 2662 1308 2716 opportunitatem
1340 2666 1387 2704 ut
1410 2662 1671 2705 demonstret
1696 2662 1897 2718 Polybius

357 2866 369 2886 ¹
394 2868 516 2905 Athen.
553 2866 581 2907 1,
614 2877 647 2907 p.
683 2869 762 2899 160.
821 2865 836 2884 ²
861 2868 892 2908 3,
927 2868 1001 2898 114.
1039 2868 1071 2898 3.
1133 2866 1148 2885 ⁸
1171 2869 1235 2908 rrg.
1271 2868 1325 2898 96.
1385 2864 1401 2885 ⁴
1426 2868 1457 2909 3,
1489 2867 1543 2901 35.
1569 2868 1601 2901 2.
1668 2864 1682 2887 ⁸
1704 2869 1758 2911 10,
1784 2869 1837 2901 18.
1864 2871 1895 2902 7.

262 2923 277 2945 ⁸
303 2926 358 2967 23,
384 2925 438 2957 49.
504 2921 517 2942 ¹
544 2925 576 2963 3,
601 2925 655 2958 35.
683 2925 715 2956 3.
778 2921 794 2941 ⁰
820 2925 850 2964 3,
877 2924 930 2953 76.
959 2924 1010 2954 12.
1072 2921 1087 2942 ⁹
1111 2926 1143 2966 3,
1165 2926 1219 2957 39.
1247 2926 1277 2958 7.
1337 2920 1367 2943 ¹⁰
1393 2924 1424 2965 3,
1450 2924 1504 2957 76.
1556 2921 1584 2943 ¹¹
1610 2925 1640 2959 3.
1669 2925 1700 2956 6.
1727 2926 1759 2958 1.
1809 2922 1839 2944 ¹¹
1861 2926 1894 2969 3,

263 2984 316 3016 17.
343 2983 376 3014 2.
440 2977 467 3000 ¹⁸
494 2982 525 3023 3,
551 2982 604 3014 97.
630 2981 664 3015 6.
723 2977 751 2999 ¹⁴
776 2981 808 3022 3,
848 2981 900 3011 13.
938 2981 964 3011 l.
1031 2977 1158 3005 15—16
1188 2980 1220 3022 2,
1258 2981 1309 3012 13.
1344 2981 1395 3012 10.
1443 2980 1475 3022 6,
1511 2980 1542 3011 8.
1593 2981 1645 3023 11,
1678 2983 1735 3015 31.
1783 2983 1836 3022 16,
1864 2984 1893 3015 1.

265 3037 294 3058 ¹⁷
320 3041 374 3080 ιο,
399 3039 429 3071 8.
456 3037 487 3069 2.
539 3035 569 3056 ¹⁸
594 3039 626 3079 2,
655 3039 704 3069 13.
731 3039 761 3071 2.
814 3036 844 3056 ³⁹
868 3038 901 3078 3,
928 3039 979 3070 15.
1007 3038 1038 3071 3.
1087 3036 1120 3058 ²⁰
1147 3038 1199 3079 ιο,
1226 3038 1257 3067 8.
1281 3039 1311 3067 5.
