2168 3278
1012 117 1069 160 45

226 253 311 282 non
339 239 423 283 nisi
447 238 504 283 ad
534 238 679 283 Pisam
710 240 905 297 pertinet,
930 240 1213 297 quae=prima
1240 245 1306 285 est
1332 242 1529 290 Etruriae
1557 243 1698 287 urbs.¹
1739 243 1853 287 Mas-

226 307 327 350 silia
362 308 576 363 Antipolis
620 309 785 353 Nicaea
832 311 877 352 in
916 309 1124 365 Ligurum
1176 310 1333 354 finibus
1373 315 1485 354 sunt.
1505 314 1520 337 ²
1580 311 1636 354 de
1679 311 1850 368 populis

228 379 396 430 praeter
424 376 643 431 Ingaunos
670 382 713 421 et
742 376 989 421 Intemelios
1019 376 1223 432 Polybius
1254 376 1446 434 Oxybios
1477 382 1521 422 et
1549 377 1750 421 Decietas
1779 392 1853 422 no-

226 443 375 499 minat,
393 446 409 471 ³
446 457 622 499 quorum
656 445 701 488 in
745 445 901 488 finibus
929 445 1045 502 Apro
1083 443 1238 489 fluvius
1267 449 1332 500 est
1363 451 1407 489 et
1446 446 1546 490 urbs
1574 445 1764 501 Aegitna
1793 446 1850 489 ad

225 525 343 555 mare
366 512 494 555 sita.4
523 513 748 568 Polybium
764 512 894 555 etiam
923 512 1164 567 Tauriscos,
1196 513 1406 557 Taurinos
1421 514 1594 568 Agones
1619 514 1851 569 Liguribus

224 580 406 624 tortasse
437 580 742 624 adnumerasse
766 579 856 636 jam
888 593 1018 638 supra
1044 580 1242 625 vidimus.

339 649 581 692 Secundum
608 648 813 703 Liguriae
845 662 963 691 oram
995 662 1022 691 a
1047 648 1149 692 Pisa
1173 649 1231 692 ad
1260 650 1456 693 Rhodani
1477 651 1633 693 ostium
1662 650 1848 694 Massili-

226 716 383 759 oticum
413 716 600 771 quinque
629 715 793 759 dierum
823 716 1146 770 navigationem
1176 729 1271 760 esse
1297 717 1414 760 dicit.
1430 720 1446 745 ⁵

341 784 406 827 11.
459 784 627 828 Etrusci
653 783 866 826 Etruriam
883 783 1087 839 incolunt,
1116 784 1216 826 olim
1237 788 1380 828 autem
1407 789 1450 828 et
1476 785 1631 841 campi,
1655 785 1728 840 qui
1749 791 1849 830 sunt

225 852 341 894 circa
371 852 548 907 Padum,
592 856 634 895 et
679 852 821 908 campi
850 851 1075 907 Phlegraei
1117 851 1233 895 circa
1264 852 1488 908 Neapolim
1530 857 1573 895 et
1597 853 1750 896 Nolam
1776 854 1848 898 siti

224 933 366 963 eorum
412 919 570 964 dicioni
615 919 797 975 subjecti
839 924 970 963 erant.
1018 919 1193 964 Etruria
1231 933 1259 963 a
1295 920 1396 964 Pisa
1441 924 1517 965 aut
1556 933 1585 964 a
1623 920 1748 965 Luna
1791 921 1849 966 ad

224 988 391 1032 Ostiam
420 988 617 1045 pertinet,
648 987 761 1031 unde
791 987 847 1031 ad
879 989 1046 1031 Lunam
1067 1000 1095 1030 a
1112 987 1289 1043 Polybio
1314 988 1431 1031 mille
1456 992 1648 1031 trecenta
1668 988 1849 1044 triginta

223 1056 369 1099 stadia
392 1060 683 1109 numerantur,
724 1069 851 1109 quam
898 1069 1017 1099 oram
1051 1055 1125 1099 alii
1171 1056 1256 1099 duo
1286 1056 1408 1099 milia
1445 1055 1685 1110 quingenta
1713 1056 1849 1100 stadi-

223 1136 344 1167 orum
375 1123 549 1179 longam
581 1136 676 1167 esse
701 1121 913 1167 dicebant.
929 1125 946 1151 ⁶
983 1122 1028 1165 in
1058 1122 1384 1167 mediterraneis
1416 1122 1586 1167 Etrusci
1615 1122 1847 1180 Liguribus

222 1192 404 1236 finitumi
442 1196 552 1245 sunt,
593 1191 666 1245 qui
707 1203 842 1245 usqne
872 1191 928 1234 ad
958 1190 1172 1234 Arretium
1201 1195 1366 1235 montes
1395 1196 1553 1245 tenent,
1585 1196 1628 1235 et
1656 1192 1842 1248 Umbris,

222 1260 292 1315 qui
324 1261 501 1305 alterum
532 1258 747 1316 Apennini
773 1258 886 1302 latus
916 1257 1118 1302 incolunt.

336 1330 401 1373 12.
459 1328 607 1373 Umbri
647 1327 867 1372 Umbriam
904 1332 1051 1371 tenent
1093 1331 1136 1371 et
1167 1327 1214 1370 id
1249 1328 1364 1371 latus
1393 1327 1610 1383 Apennini
1640 1328 1845 1385 incolunt,

220 1398 275 1441 de
317 1410 399 1452 quo
443 1397 500 1439 ad
544 1409 661 1439 mare
692 1395 987 1439 Hadriaticum
1032 1395 1354 1438 descenditur.⁷
1411 1395 1555 1450 campi
1584 1400 1740 1450 autem,
1770 1397 1843 1451 qui

220 1470 319 1510 sunt
351 1478 484 1519 usque
514 1465 570 1508 ad
598 1465 756 1508 Senam
787 1468 829 1507 et
859 1477 1010 1519 agrum
1039 1462 1257 1516 Picenum,
1289 1462 1459 1506 Galliae
1496 1462 1844 1518 adnumerantur,

219 1547 315 1576 cum
344 1534 532 1576 Senones
559 1545 633 1575 eos
675 1536 974 1586 occupassent,
1008 1531 1164 1584 quibus
1194 1530 1386 1586 expulsis
1403 1532 1419 1557 ⁸
1450 1531 1632 1573 Romani
1661 1531 1841 1586 primam

218 1601 388 1646 Galliae
417 1599 627 1644 coloniam
655 1613 705 1643 eo
729 1598 1009 1653 deduxerunt,
1041 1599 1209 1652 Senam,
1230 1599 1246 1626 ⁹
1270 1597 1420 1653 Gallis,
1442 1597 1515 1653 qui
1544 1602 1675 1642 antea
1695 1598 1842 1643 urbem

216 1669 472 1722 incolebant,
517 1667 825 1723 cognominem.
882 1679 935 1709 ex
980 1666 1077 1721 lege
1116 1665 1332 1709 Flaminia
1366 1666 1447 1709 hac
1477 1666 1523 1709 in
1558 1671 1674 1709 terra
1704 1666 1843 1722 prima

217 1750 417 1793 agrorum
457 1736 612 1779 divisio
655 1735 774 1777 facta
810 1739 887 1788 est,
932 1739 975 1777 et
1018 1746 1123 1788 ager
1159 1733 1355 1789 Picenus,
1398 1735 1470 1789 qui
1513 1734 1557 1776 in
1597 1734 1741 1777 Gallia
1778 1738 1844 1777 est

216 1804 274 1859 (ἐν
319 1805 501 1860 Γαλατίᾳ
543 1799 570 1861 ἡ
610 1805 823 1859 Πικεντίνη
873 1804 1257 1859 προσαγορευομένη
1296 1800 1431 1858 χώρα)
1451 1802 1484 1830 ¹⁰
1522 1801 1728 1846 Romanis
1776 1806 1842 1846 est

216 1874 478 1927 assignatus.
527 1872 779 1915 Umbrorum
807 1871 947 1926 ipsum
977 1883 1132 1914 nomen
1163 1870 1302 1913 minus
1330 1871 1447 1914 valet
1463 1870 1584 1926 apud
1604 1870 1842 1925 Polybium,

214 1953 351 1995 neque
387 1940 444 1983 ad
487 1949 633 1982 omnes
668 1938 886 1993 Umbriae,
927 1951 1037 1992 quae
1065 1937 1232 1992 dicitur,
1270 1941 1426 1992 gentes
1454 1937 1712 1992 extenditur,
1743 1950 1839 1980 cum

215 2007 277 2050 eis
308 2007 552 2051 Sarsinates
595 2020 680 2049 non
718 2007 981 2060 adnumeret,
1026 2005 1100 2059 qui
1142 2009 1186 2047 et
1225 2004 1309 2060 ipsi
1338 2005 1609 2060 Apenninum
1638 2005 1840 2048 incolunt.

215 2073 404 2130 (Ὄμβροι
429 2074 498 2116 καὶ
528 2074 806 2128 Σαρσινᾶται).
825 2074 862 2099 ¹¹

329 2142 393 2185 13.
452 2141 703 2197 Campania.
766 2140 982 2192 Ausones,
1023 2139 1096 2194 qui
1126 2139 1255 2183 etiam
1286 2138 1410 2195 Opici
1444 2152 1471 2182 a
1500 2140 1678 2184 Graecis
1717 2153 1839 2184 voca-

213 2211 379 2264 bantur,
398 2213 433 2237 12
476 2210 577 2252 olim
620 2223 648 2252 a
688 2209 852 2252 Circeio
894 2208 1180 2261 promontorio
1230 2206 1452 2250 meridiem
1492 2221 1641 2251 versus
1680 2213 1837 2251 terram

211 2278 423 2330 tenebant,
453 2277 607 2331 quibus
635 2276 800 2319 duobus
828 2275 953 2318 unius
990 2275 1135 2330 populi
1169 2274 1412 2317 nominibus
1443 2279 1606 2330 postea,
1637 2289 1733 2318 cum
1761 2275 1838 2319 alii

210 2345 356 2403 populi
379 2349 533 2388 terram
550 2343 633 2387 sibi
651 2343 934 2399 subjecissent
958 2347 1208 2397 veteresque
1227 2341 1393 2385 incolas
1421 2342 1698 2399 expulissent,
1728 2342 1838 2386 duos

209 2414 389 2469 populos
433 2412 669 2466 significari
708 2425 844 2455 rerum
891 2411 1119 2467 scriptores
1162 2410 1384 2465 putabant.
1449 2423 1533 2465 quo
1580 2410 1626 2452 in
1662 2424 1839 2454 numero

209 2480 339 2524 etiam
367 2479 566 2535 Polybius
593 2484 671 2534 est,
690 2481 726 2507 ¹³
755 2479 828 2534 qui
849 2479 1007 2535 Opicos
1029 2483 1072 2522 et
1090 2478 1284 2521 Ausones
1313 2491 1487 2534 campos
1512 2478 1698 2522 incolere
1720 2478 1839 2533 dicit,

209 2548 281 2602 qui
311 2552 489 2604 pateant
519 2547 631 2590 circa
659 2547 838 2590 Cratera
863 2546 1129 2601 Campaniae
1160 2546 1313 2589 sinum.

321 2615 604 2670 Campaniam
635 2614 893 2669 (Καμπανία,
912 2616 948 2640 ¹4
987 2613 1040 2654 τοὶ
1079 2612 1179 2669 περὶ
1224 2637 1273 2643 -
1300 2612 1403 2654 κατὰ
1433 2612 1608 2668 Καπύην
1636 2612 1765 2655 πεδία
1781 2613 1837 2667 ¹⁵)

208 2682 418 2739 Campani
435 2685 472 2711 ¹0
511 2682 712 2726 incolunt.
771 2681 814 2724 hi
850 2681 994 2735 campi
1025 2680 1124 2724 olim
1164 2680 1294 2724 etiam
1325 2679 1545 2734 Phlegraei
1561 2681 1597 2707 ¹⁷
1628 2680 1836 2725 nominati

302 2876 312 2896 ¹
338 2879 370 2920 2,
398 2880 448 2908 16.
509 2877 524 2898 ²
549 2880 602 2920 33,
640 2881 670 2910 7.
705 2879 735 2909 2.
799 2875 813 2894 ³
838 2876 943 2908 strab.
973 2877 1051 2907 202.
1098 2875 1172 2908 Pol.
1198 2875 1253 2915 33,
1286 2875 1317 2907 8.
1348 2877 1375 2905 1.
1426 2877 1477 2916 10,
1500 2876 1529 2906 2.
1582 2876 1633 2915 11,
1660 2875 1693 2905 2.
1739 2872 1756 2893 ⁴
1780 2876 1837 2916 38,

209 2935 260 2968 ιο,
286 2935 319 2968 2.
343 2937 406 2966 cat.
456 2932 471 2953 ⁵
495 2936 526 2976 3,
550 2936 605 2965 41.
630 2934 662 2965 4.
710 2931 725 2953 ⁶
749 2933 855 2966 Strnb.
882 2933 960 2967 222,
1009 2930 1022 2951 ⁷
1047 2933 1080 2973 2,
1109 2934 1158 2964 16.
1188 2935 1219 2966 3.
1274 2930 1290 2950 ⁸
1314 2933 1345 2975 2,
1374 2933 1426 2964 19.
1452 2932 1503 2965 12,
1553 2927 1568 2950 ⁹
1594 2932 1640 2964 ib.
1671 2928 1700 2949 ¹⁰
1724 2931 1756 2971 2,
1782 2931 1838 2964 21.

207 2993 237 3024 7.
305 2989 331 3009 ¹¹
358 2992 388 3031 2,
422 2992 475 3025 24.
504 2993 533 3024 7.
601 2988 629 3008 ¹²
654 2991 791 3022 Aristol.
824 2990 894 3022 Pol.
923 2992 953 3032 7,
981 2992 1016 3023 9.
1062 2990 1171 3021 Strab.
1197 2991 1274 3021 242.
1339 2985 1368 3007 ¹³
1392 2990 1497 3021 Strab.
1526 2991 1569 3019 ib.
1640 2985 1665 3006 ¹⁴
1692 2989 1721 3025 7,
1750 2990 1777 3018 l.
1810 2990 1836 3017 Ι.

209 3044 239 3066 ¹⁵
259 3049 290 3088 3,
315 3049 370 3088 90,
397 3050 447 3080 10.
496 3049 551 3089 91,
576 3048 606 3081 2.
660 3044 689 3066 ¹⁵
712 3048 745 3089 2,
769 3048 823 3080 24.
853 3048 905 3080 14.
955 3044 984 3066 ¹⁷
1009 3048 1042 3088 2,
1069 3048 1122 3078 ιτ.
1153 3049 1187 3077 ι.
1236 3047 1265 3085 3,
1292 3047 1344 3076 91.
1374 3048 1403 3077 7.
