2168 3278
1073 160 1128 203 34

281 282 448 336 notitia,
489 286 536 326 ut
566 283 729 337 CicerO,
778 297 1036 338 quamquam
1081 283 1126 324 in
1172 282 1314 337 majus
1354 295 1534 338 augens,
1573 284 1714 327 dicere
1760 285 1813 326 de
1858 296 1910 326 ea

281 350 438 406 possit:
455 354 470 379 ¹
497 364 633 406 „quas
660 350 871 407 regiones,
903 365 1095 407 quasque
1118 355 1269 405 gentes
1286 351 1430 395 nullae
1446 355 1576 395 antea
1592 352 1715 396 nobis
1732 352 1911 404 litterae,

281 418 402 461 nulla
432 433 525 474 vox,
551 419 672 462 nulla
699 419 819 462 fama
848 425 975 464 notas
1005 421 1177 472 fecerat,
1217 431 1293 461 eas
1324 423 1467 462 noster
1494 418 1724 474 imperator
1751 423 1911 463 noster-

282 498 364 540 que
391 487 605 531 exercitus
634 491 677 530 et
707 486 855 543 populi
881 487 1064 530 Romani
1094 479 1213 530 arma
1243 490 1538 542 peragrarunt.
1591 486 1788 530 semitam
1815 490 1910 529 tan-

279 558 369 598 tum
398 554 568 599 Galliae
608 555 861 599 tenebamus
890 556 1063 600 antea.“
1119 555 1229 599 sicut
1272 554 1326 598 de
1371 554 1510 612 prima
1540 554 1809 611 paeninsula,
1848 558 1910 598 ita

279 623 412 666 etiam
453 624 534 667 hac
575 623 629 667 dc
671 627 787 667 terra
824 625 991 667 nullum
1033 629 1126 667 erat
1156 637 1377 667 commune
1409 636 1563 665 nomen
1602 624 1718 679 apud
1748 624 1909 679 priores

279 695 441 747 notum,
484 696 528 735 et
558 692 760 736 Timaeus
806 693 967 747 primus
1011 692 1227 737 Galatiam
1273 705 1325 735 ex
1359 691 1510 735 incolis
1541 705 1636 734 eam
1664 691 1909 735 nominasse

279 759 475 802 traditur.
527 772 630 802 nam
659 759 848 815 ipsorum
878 760 1099 805 Gallorum
1139 760 1262 804 sedes
1292 759 1605 813 antiquioribus
1646 759 1909 815 temporibus

280 825 337 868 ad
377 827 534 870 interni
572 828 702 871 maris
745 841 864 871 oram
893 842 979 871 non
1016 829 1299 883 pertinebant,
1342 841 1478 882 neque
1520 831 1621 870 ante
1650 826 1908 869 Hannibalis

279 894 594 948 expeditionem
626 896 743 939 Galli
765 896 824 938 ibi
846 895 1134 950 nominantur,
1165 896 1243 939 sed
1263 896 1387 951 hujUs
1414 899 1575 937 tractus
1595 907 1726 936 unam
1744 898 1906 949 partem

278 961 392 1005 Iberi
422 967 552 1007 antea
578 964 796 1018 tenebant,
825 962 1006 1006 alteram
1028 964 1222 1019 Ligures,
1238 968 1254 992 2
1284 977 1365 1018 quo
1386 964 1544 1006 factum
1575 967 1650 1016 est,
1674 967 1721 1005 ut
1743 962 1908 1005 Iberiac

277 1029 446 1072 initium
494 1031 627 1074 etiam
671 1031 729 1075 ad
770 1031 1024 1075 Rhodanum
1071 1031 1246 1075 fluvium
1287 1045 1382 1076 esse
1426 1030 1547 1073 nobis
1580 1030 1819 1085 tradatur,³
1867 1033 1909 1072 et

276 1098 497 1141 Avienus4
528 1099 827 1142 vetustissimis
858 1099 1102 1142 auctoribus
1126 1113 1227 1143 usus
1253 1100 1444 1143 Oranum
1474 1099 1662 1152 fluvium,
1692 1098 1789 1141 aliis
1823 1110 1906 1140 non

275 1168 435 1220 notum,
466 1167 668 1222 nominet,
700 1180 824 1222 quem
854 1170 1078 1221 propterea
1111 1167 1371 1210 recentiores
1401 1165 1653 1209 Rhodanum
1678 1165 1907 1221 legendum

275 1245 372 1277 esse
396 1239 562 1289 putant,
594 1235 649 1278 de
679 1248 761 1288 quo
791 1234 922 1277 dicit:
950 1234 1103 1288 „hujus
1135 1235 1256 1278 alveo
1290 1235 1416 1277 lbera
1435 1234 1562 1276 tellus
1591 1237 1720 1287 atque
1746 1234 1906 1288 Ligyes

277 1300 421 1356 asperi
451 1301 804 1347 intersecantur.“
856 1305 978 1345 erant
1018 1301 1162 1356 etiam,
1207 1301 1279 1356 qui
1309 1301 1490 1356 Ligures
1530 1313 1662 1356 usque
1695 1299 1750 1343 ad
1788 1300 1906 1356 ipsos

276 1368 520 1425 Pyrenaeos
561 1373 727 1413 montes
759 1369 954 1413 habitare
984 1368 1187 1424 dicerent,
1226 1369 1283 1412 ad
1319 1381 1443 1424 quam
1474 1368 1729 1411 sententiam
1761 1381 1906 1423 quam-

275 1449 403 1490 quam
435 1451 519 1480 non
548 1443 647 1480 sunt
674 1437 901 1480 referenda
932 1451 1028 1479 cum
1053 1437 1282 1480 Letronnio
1298 1437 1312 1460 ⁵
1339 1437 1509 1491 Polybii
1524 1438 1665 1489 verba,
1683 1440 1699 1464 ⁶
1729 1437 1904 1479 Cartha-

272 1503 491 1558 ginienses
521 1509 623 1549 ante
652 1504 810 1549 bellum
831 1505 1164 1548 Hannibalicum
1188 1504 1463 1548 mercenariis
1493 1517 1593 1547 usos
1623 1517 1716 1547 esse
1737 1508 1907 1560 praeter

273 1572 418 1616 Iberos
450 1577 493 1617 et
526 1573 671 1617 Celtas
699 1574 832 1617 etiam
861 1573 1104 1629 Liguribus,
1144 1579 1289 1617 tamen
1318 1573 1398 1615 hac
1426 1576 1491 1615 est
1523 1572 1698 1626 sactum,
1728 1576 1773 1615 ut
1803 1573 1905 1615 Era-

271 1641 488 1684 tosthenes
537 1642 677 1697 ipsam
718 1641 899 1697 primam
947 1642 1248 1697 paeninsulam
1286 1641 1552 1694 Ligusticam
1584 1646 1778 1694 vocaret,
1819 1654 1904 1683 non

272 1709 386 1763 quod
413 1723 440 1752 a
466 1709 695 1764 Liguribus
744 1714 878 1753 totam
910 1709 1095 1753 habitari
1137 1713 1320 1765 putaret,
1372 1707 1449 1751 sed
1477 1708 1647 1751 nomine
1679 1707 1904 1751 clarissimi

271 1776 389 1830 apud
419 1777 607 1820 Graecos
629 1778 777 1832 populi
806 1777 977 1820 illarum
1008 1778 1230 1831 regionum
1261 1781 1395 1818 totam
1428 1776 1714 1830 complectens
1735 1781 1904 1829 terram,

270 1843 386 1899 quali
412 1844 580 1888 ratione
610 1845 740 1888 etiam
772 1859 799 1888 a
828 1845 1007 1901 Polybio
1036 1844 1190 1888 ltaliae
1220 1858 1373 1887 nomen
1399 1842 1453 1886 ad
1474 1848 1608 1886 totam
1631 1843 1750 1886 illam
1776 1857 1904 1899 paen-

269 1912 456 1956 insulam
487 1913 815 1956 extendebatur.

384 1979 438 2021 2:
476 1979 711 2035 Polybius⁷
752 1984 896 2024 autem
927 1980 1075 2024 Gallos
1112 1980 1169 2023 ad
1207 1993 1325 2022 oram
1365 1978 1557 2021 habitare
1588 1978 1694 2021 dicit
1724 1992 1903 2033 parvum

269 2046 388 2089 illum
420 2051 617 2102 tractum,
647 2048 720 2102 qui
746 2053 812 2091 est
843 2062 869 2090 a
899 2049 1136 2104 Pyrenaeis
1163 2048 1218 2090 ad
1248 2047 1505 2100 Narbonem,
1529 2060 1639 2100 quae
1667 2046 1767 2089 urbs
1798 2060 1903 2101 pau-

268 2114 355 2155 lum
386 2117 554 2156 tantum
586 2129 639 2158 ex
672 2116 766 2171 eJus
804 2115 1005 2171 opinione
1037 2129 1064 2157 a
1097 2115 1294 2158 Massilia
1320 2115 1450 2156 abest.
1506 2113 1610 2155 haec
1641 2117 1783 2155 autem
1811 2115 1898 2166 Jam

266 2182 311 2223 in
343 2182 547 2235 Ligurum
570 2187 635 2225 est
665 2196 784 2237 agro.
800 2185 817 2210 8

378 2248 487 2291 Tota
510 2253 635 2303 terra,
652 2262 781 2303 quam
801 2249 917 2292 Galli
941 2250 1147 2303 incolunt,
1169 2249 1351 2290 Γαλατία
1368 2248 1534 2302 dicitur,
1567 2247 1699 2290 semel
1714 2247 1869 2289 Κελτία
1886 2250 1903 2275 9

265 2317 309 2360 in
338 2316 524 2370 foedere,
564 2317 678 2371 quod
711 2317 930 2360 Hannibal
972 2332 1066 2361 cum
1098 2317 1291 2373 Philippo
1337 2317 1450 2360 fecit.
1526 2315 1727 2359 Galatiae
1767 2315 1901 2370 igitur

266 2385 437 2427 nomine
474 2397 621 2427 omnes
650 2390 790 2427 terrae
831 2385 1256 2441 comprehenduntur,
1297 2396 1409 2437 quae
1440 2396 1466 2424 a
1498 2383 1635 2426 Gallis
1665 2387 1901 2438 occupatae

266 2456 378 2505 sunt,
408 2452 555 2496 Gallia
584 2451 867 2507 transalpina,
911 2452 1136 2508 cisalpina,
1184 2464 1293 2506 quae
1337 2450 1465 2493 etiam
1497 2450 1673 2507 Κελτική
1715 2455 1902 2506 vocatur,

266 2526 308 2562 et
333 2519 531 2572 asiatica,
562 2524 697 2561 totum
730 2518 957 2561 Γαλατικὸν
991 2520 1122 2575 φῦλον
1150 2518 1329 2561 Γαλάται
1369 2517 1642 2559 nominantur
1668 2523 1709 2560 et
1738 2518 1899 2571 Κελτοί,

263 2600 441 2641 quorum
466 2586 537 2640 qui
556 2586 743 2629 Galliam
769 2587 1082 2641 transalpinam
1104 2588 1299 2640 >incolant
1327 2584 1635 2640 Transalpinos
1660 2584 1900 2628 nominatos

262 2667 357 2697 esse
386 2653 491 2696 dicit
513 2653 877 2709 popularibusque
912 2654 1002 2697 suis
1028 2654 1190 2710 adjicit,
1216 2668 1302 2696 non
1321 2651 1489 2706 generis
1507 2651 1898 2696 dissimilitudinem

261 2721 340 2766 hoc
369 2721 542 2766 nomine
571 2721 795 2776 declarari,
823 2721 901 2766 sed
930 2721 1055 2766 sedes
1081 2734 1226 2766 eorum
1256 2725 1376 2764 trans
1406 2719 1538 2774 Alpes
1568 2731 1675 2763 esse.
1695 2722 1732 2747 ¹0

354 2914 365 2934 ¹
393 2915 459 2948 Cic.
485 2916 525 2947 dc
550 2924 643 2956 prov,
679 2923 770 2947 cons.
810 2915 861 2955 13,
896 2915 948 2945 33.
999 2913 1015 2931 ²
1040 2915 1125 2956 Scyl.
1160 2917 1188 2945 3.
1229 2915 1340 2947 Iberes
1369 2917 1402 2944 et
1426 2914 1565 2954 Ligures
1592 2914 1700 2946 mixti.
1751 2910 1765 2932 ⁸
1788 2913 1895 2945 Strab.

260 2975 334 3005 166.
396 2970 565 3016 Ἰβηρίαν
596 2966 785 3003 καλεῖσθαι
815 2968 939 3002 πᾶσαν
971 2969 1038 3011 τὴν
1071 2970 1136 3009 ἔξω
1169 2970 1236 3004 τοῦ
1265 2966 1457 3002 ίΡοδοινοῦ.
1516 2969 1533 2990 4
1565 2973 1725 3012 Avienus,
1759 2981 1791 3002 v.
1817 2971 1895 3002 608.

258 3026 273 3046 ⁵
295 3029 405 3069 poem.
438 3027 550 3069 geogr.
590 3029 665 3059 185.
729 3025 744 3046 ὅ
779 3030 807 3066 1,
846 3029 897 3061 17.
923 3028 954 3060 4.
1019 3026 1034 3045 ⁷
1058 3029 1091 3071 3,
1122 3030 1178 3061 37.
1204 3029 1235 3069 9,.
1298 3028 1419 3061 Athen.
1444 3028 1521 3058 332.
1581 3025 1597 3045 θ
1622 3027 1680 3069 33,
1704 3027 1733 3057 7.
1769 3027 1813 3060 cf.
1839 3027 1893 3060 10.

257 3083 273 3104 ⁹
298 3086 331 3127 7,
356 3088 385 3118 9.
438 3082 470 3105 ¹⁰
491 3086 524 3127 2,
550 3087 602 3117 15.
629 3086 660 3118 8.
