2168 3278
1089 88 1118 134 3

287 218 544 261 randaesse
573 216 689 270 dicit,
717 218 831 271 quod
857 215 901 259 in
922 216 1036 261 notis
1052 220 1220 260 tantum
1244 214 1490 270 regionibus
1516 214 1748 257 utilitatem
1762 212 1916 256 affene

287 285 442 342 possit,
466 297 563 327 cum
588 283 831 338 ignotorum
861 284 1047 328 locorum
1083 282 1259 326 nomina
1290 283 1459 337 prolata
1485 294 1570 324 non
1602 282 1700 337 plus
1727 280 1917 333 valeant,

288 364 415 407 quam
441 352 713 395 obscurorum
740 353 963 395 verborum
990 352 1135 396 inanis
1164 351 1341 394 sonitus.
1361 353 1374 377 ¹
1405 363 1543 404 neque
1571 355 1618 393 ut
1647 349 1852 393 Eudoxus
1874 351 1918 390 et

287 418 481 476 Ephorus
509 418 679 473 quando
710 424 753 463 et
784 419 937 474 quibus
972 419 1152 463 ducibus
1183 410 1309 462 urbes
1333 417 1533 461 conditae
1557 418 1655 471 sint,
1685 416 1918 470 qualesque

287 487 373 529 sint
397 499 544 530 earum
585 487 906 542 conjunctiones
944 493 987 530 et
1026 487 1295 536 mutationes,
1341 486 1418 529 sed
1456 498 1568 539 quae
1606 498 1684 527 suo
1722 488 1915 537 tempore

253 594 262 596 -
287 555 468 610 singulis
492 555 537 598 in
555 556 679 599 terris
691 556 782 612 jam
806 560 977 600 exstent
1005 555 1299 611 descripturus
1328 559 1406 609 est,
1437 561 1480 598 et
1506 553 1577 609 qui
1600 553 1657 597 sit
1669 552 1779 596 situs
1806 552 1917 595 loco·

287 637 379 667 rum
409 627 657 678 quantaque
685 638 827 668 eorum
861 623 1103 667 intervalla.
1777 677 1779 681 ι

400 693 624 737 Timaeum
657 694 829 748 quidem
857 692 901 735 in
929 705 1015 735 una
1032 692 1136 735 urbe
1156 692 1376 735 sedentem
1398 692 1451 735 de
1475 691 1665 748 Assyriis
1683 689 1914 744 Liguribus

287 760 424 804 Gallis
440 761 575 805 Iberis
591 762 811 818 scripsisse
828 761 944 813 dicit,
963 759 1041 804 sed
1056 760 1138 803 sibi
1157 760 1202 803 in
1220 760 1364 803 animo
1380 773 1466 803 non
1489 773 1600 815 esse,
1625 773 1679 803 ex
1705 761 1913 802 mercato-

286 842 379 871 rum
399 831 468 872 vel
494 834 721 873 nautarum
751 829 1068 872 narrationibus
1085 833 1224 871 terras
1240 825 1512 882 cognoscere,
1530 841 1630 870 nam
1661 828 1738 870 hos
1766 827 1916 883 plenos

285 910 379 940 esse
394 898 708 941 mendaciorum
725 902 766 941 et
783 898 1118 940 miraculorum.2
1138 909 1277 950 neque
1289 896 1420 940 libros
1434 901 1558 952 aptos
1574 908 1681 948 esse,
1693 908 1747 938 ex
1760 894 1916 948 quibus

286 978 353 1008 res
384 966 674 1020 geographica
703 969 999 1020 cognoscatur,
1022 979 1118 1007 cum
1148 965 1319 1019 plurimi
1348 978 1488 1007 rerum
1522 964 1789 1019 scriptorum,
1828 961 1915 1016 qui,

285 1032 399 1085 quod
429 1032 647 1088 proprium
675 1033 744 1087 sit,
775 1033 929 1087 quique
957 1032 1064 1075 situs
1097 1036 1313 1075 extremae
1341 1031 1550 1087 cujusque
1579 1029 1769 1086 regionis
1800 1028 1914 1072 orbis

285 1103 503 1152 terrarum,
534 1113 744 1154 exponere
773 1101 915 1143 conati
942 1101 1039 1154 sint,
1071 1101 1125 1142 de
1150 1100 1364 1154 plerisque
1388 1100 1432 1141 in
1462 1100 1618 1141 multos
1651 1111 1814 1141 errores
1838 1096 1913 1139 ad-

285 1165 402 1209 ducti
431 1167 527 1210 sint.
554 1180 655 1210 nam
685 1167 896 1224 prioribus
918 1167 1179 1225 temporibus
1200 1179 1440 1222 perpaucos
1465 1170 1633 1209 tantum
1665 1178 1794 1208 ausos
1816 1177 1913 1207 esse

284 1232 459 1276 ultimas
486 1239 622 1277 terras
651 1237 888 1292 explorare.
920 1236 1048 1290 quod,
1092 1249 1187 1278 cum
1230 1235 1367 1277 multa
1408 1238 1537 1287 atque
1577 1233 1913 1275 innumerabilia

284 1301 476 1357 pericula
523 1304 584 1346 eis
624 1304 729 1346 mari
764 1304 1040 1358 obstitissent,
1082 1308 1124 1346 et
1153 1302 1277 1359 plura
1300 1307 1428 1356 terra,
1457 1301 1551 1344 fieri
1582 1314 1665 1344 non
1692 1300 1913 1356 potuisset.

284 1370 359 1412 sed
380 1370 511 1413 etiam
542 1371 579 1414 si
607 1372 845 1424 accidisset,
890 1377 938 1415 ut
965 1372 1125 1415 invitus
1154 1371 1310 1425 aliquis
1339 1370 1396 1413 ad
1426 1370 1544 1413 orbis
1569 1375 1778 1413 terrarum
1807 1368 1913 1410 fines

283 1438 451 1481 delatus
482 1445 607 1494 esset,
637 1445 712 1484 aut
746 1441 895 1484 dedita
926 1453 1057 1495 opera
1087 1453 1138 1484 eo
1162 1439 1441 1496 pervenisset,
1466 1444 1609 1482 tamen
1639 1445 1734 1481 eum
1757 1449 1913 1493 propo-

283 1506 409 1548 situm
440 1521 526 1549 non
556 1509 783 1562 peregisse.
816 1509 990 1551 difficile
1008 1509 1119 1551 enim
1141 1509 1274 1551 fuisse
1293 1520 1386 1550 cum
1410 1507 1551 1562 ipsum
1569 1506 1734 1561 aliquid
1751 1505 1910 1558 videre,

284 1575 397 1627 quod
428 1589 456 1617 a
480 1575 673 1619 barbaris
687 1576 788 1618 illae
818 1576 1014 1631 regiones
1035 1576 1254 1618 habitatae
1276 1567 1417 1618 essent
1442 1579 1518 1616 aut
1543 1574 1675 1629 plane
1703 1573 1912 1626 desertae,

282 1646 370 1684 tum
400 1644 586 1686 maxime
614 1644 918 1698 interrogando
964 1645 1019 1686 de
1054 1643 1160 1686 visis
1197 1642 1360 1697 aliquid
1399 1643 1622 1696 explorare
1653 1645 1797 1695 atque,
1813 1653 1911 1695 cog-

282 1723 456 1753 noscere
508 1715 680 1767 propter
728 1711 901 1766 linguas
950 1711 1225 1754 barbarorum
1263 1710 1451 1765 ignotas.
1522 1709 1711 1752 omnium
1765 1712 1910 1751 autem

283 1778 577 1821 difficillimum
640 1779 774 1823 fuisse
789 1812 801 1833 ,
856 1780 894 1823 si
958 1779 1052 1834 quis
1107 1778 1271 1833 aliquid
1330 1779 1617 1835 explorasset,
1678 1776 1911 1832 exploratis

281 1847 474 1890 modeste
517 1849 580 1889 uti
625 1853 667 1890 et
706 1847 914 1891 miracula
960 1852 1087 1900 atque
1140 1851 1332 1889 monstra
1374 1847 1637 1900 rejicientem
1684 1845 1911 1888 veritatem

282 1914 404 1969 sequi
450 1929 588 1970 neque
629 1916 743 1959 falsa
785 1916 996 1959 nuntiare.
1012 1917 1029 1943 3
1087 1919 1133 1958 at
1174 1928 1316 1959 errare
1361 1913 1531 1969 quidem
1571 1913 1805 1957 humanum
1834 1917 1909 1956 est.

281 1982 493 2036 prioribus
546 1983 680 2036 igitur
722 1984 998 2039 scriptoribus
1050 1995 1124 2025 eos
1178 1994 1339 2025 errores
1353 2014 1364 2035 ,
1415 1995 1522 2036 quos
1559 1982 1602 2023 in
1646 1981 1912 2036 geographia

282 2049 511 2092 tractanda
539 2050 708 2092 inscitia
741 2051 917 2093 adducti
948 2050 1210 2102 admiserint,
1246 2048 1488 2092 condonare
1517 2050 1620 2103 vult,
1649 2062 1787 2103 neque
1814 2049 1911 2093 illos

281 2117 546 2170 vituperare,
587 2119 663 2161 sed
693 2132 769 2173 ea,
801 2132 913 2172 quae
941 2123 1056 2161 recte
1095 2117 1395 2171 cognoverint,
1441 2117 1681 2171 quibusque
1719 2122 1908 2160 nostram

282 2184 506 2227 scientiam
537 2185 744 2239 auxerint,
775 2186 956 2228 laudare
993 2190 1124 2238 atque
1165 2184 1411 2227 admirari.⁴
1461 2198 1565 2239 quos
1612 2189 1756 2227 autem
1795 2185 1910 2227 falsa

281 2264 457 2295 narrare
484 2252 724 2307 talibusque
753 2252 1071 2296 narrationibus
1100 2252 1211 2295 alios
1237 2252 1283 2294 in
1322 2265 1486 2296 errores
1516 2252 1731 2296 adducere
1761 2252 1909 2306 credit,

281 2332 355 2363 eos
385 2319 622 2364 Euhemero
649 2321 862 2364 Messenio
899 2320 1121 2363 inferiores
1151 2332 1245 2363 esse
1273 2324 1411 2376 putat,
1452 2320 1610 2376 quippe
1638 2321 1712 2375 qui
1742 2320 1796 2363 de
1821 2333 1910 2363 una

281 2392 448 2431 tantum
476 2393 604 2443 terra,
635 2389 689 2432 de
717 2388 945 2432 Panchaea
982 2388 1126 2431 insula
1154 2389 1357 2431 'mentitus
1388 2389 1456 2432 sit.
1479 2392 1496 2417 ⁵
1526 2402 1610 2443 quo
1658 2388 1702 2431 in
1733 2401 1910 2431 numero

281 2470 335 2499 ex
364 2457 538 2513 Polybii-
579 2458 778 2513 opinione
808 2458 993 2513 Pytheas
1026 2457 1308 2501 Massiliensis
1351 2461 1428 2511 est,
1475 2458 1597 2512 cujus
1639 2457 1910 2500 narrationes

283 2537 429 2567 omnes
460 2525 570 2567 sicut
598 2524 734 2568 falsas
760 2529 803 2568 et
828 2526 951 2568 fictas
981 2525 1154 2580 respuit.

402 2592 440 2635 6.
499 2591 656 2635 Multos
680 2591 786 2635 dicit
816 2605 974 2646 eorum,
998 2593 1069 2646 qui
1097 2597 1198 2635 ante
1222 2605 1269 2635 se
1290 2592 1343 2635 de
1367 2591 1631 2647 geographia
1650 2590 1911 2646 scripserint,

288 2659 427 2713 poetis
453 2664 495 2702 ct
531 2659 855 2716 mythographis
885 2673 984 2703 usos
1015 2673 1110 2704 esse
1136 2661 1392 2713 auctoribus,
1424 2673 1476 2702 ex
1504 2659 1658 2713 quibus
1686 2658 1911 2702 scientiam

281 2739 402 2769 suam
436 2727 489 2769 de
521 2727 684 2783 ignotis
709 2728 835 2771 terris
865 2728 1094 2783 hauserint,
1129 2742 1183 2771 ex
1216 2728 1424 2771 Heracliti
1450 2727 1650 2783 opinione
1682 2727 1909 2770 dubiarum

279 2807 418 2836 rerum
450 2799 581 2838 testes
613 2795 867 2839 adhibentes
904 2796 989 2838 fide
1022 2809 1108 2838 non
1134 2796 1301 2851 dignos.
1321 2798 1338 2823 ⁶
1390 2796 1500 2838 tales
1521 2793 1741 2838 'scientiae
1768 2795 1909 2838 fontes

279 2862 458 2917 tempori
490 2875 567 2905 suo
598 2877 684 2906 non
726 2868 851 2919 aptos
879 2877 973 2907 esse
1002 2868 1139 2919 putat.
1219 2877 1321 2906 nam
1361 2863 1472 2906 sicut
1507 2863 1745 2906 Alexandri
1783 2876 1909 2919 expe-

375 2962 387 2982 1
411 2966 443 3006 3,
469 2966 523 2999 36.
550 2967 580 2997 2.
639 2963 655 2983 2
679 2968 709 3006 3,
736 2968 791 2999 39.
818 2969 871 2999 11.
896 2969 928 3005 4,
954 2968 1009 2999 42.
1036 2970 1067 3001 7.
1132 2965 1146 2986 ³
1172 2969 1203 3001 3.
1232 2969 1285 3001 58.
1312 2969 1363 3001 59.
1424 2964 1438 2984 ⁴
1467 2968 1518 3009 16,
1540 2968 1592 2999 14.
1618 2969 1648 3001 ⁷.
1700 2964 1714 2985 ⁵
1740 2967 1847 2999 strab.
1873 2968 1906 3009 2,

280 3032 312 3063 p.
341 3023 413 3053 104.
464 3018 479 3040 ⁶
502 3024 533 3063 4,
559 3023 610 3054 40.
638 3023 671 3054 2.

1634 3078 1678 3113 1*
