2168 3278
1059 92 1113 139 19·

274 220 437 278 phylia,
463 224 657 265 extrema
685 220 899 265 Arcadiae
928 234 1043 277 pars,
1088 234 1200 275 quae
1239 224 1407 276 spectat
1442 220 1499 264 ad
1535 234 1735 265 occasum
1767 221 1900 265 hiber-

274 302 389 334 num.
407 292 422 317 ¹
479 289 599 334 sinus
640 290 773 334 maris
814 289 947 334 Africi
982 294 1084 333 sunt
1117 288 1257 349 Syrtis
1293 289 1431 345 major
1474 294 1518 333 et
1565 290 1705 347 Syrtis
1751 290 1901 344 minor,

275 370 402 412 quam
446 357 652 401 minorem
690 371 718 400 a
748 358 925 414 Polybio
967 357 1054 401 300
1081 371 1136 399 m.
1174 369 1214 412 p.
1259 357 1435 411 ambitu,
1478 356 1561 400 100
1601 371 1656 400 m.
1697 372 1738 414 p.
1778 358 1901 401 aditu

275 424 437 474 dictam
465 438 560 469 esse
582 424 745 469 Plinius
772 425 916 469 tradit.
932 427 950 453 ²
1006 425 1084 469 sed
1112 438 1208 468 cum
1242 424 1396 470 Strabo
1425 424 1634 468 ambitum
1661 427 1756 480 ejus
1784 424 1902 468 mille

275 496 571 537 sexcentorum
599 492 832 536 stadiorum
871 505 967 537 esse
1002 492 1132 546 dicat,
1170 504 1248 548 pro
1282 491 1385 536 GCG
1414 505 1468 535 m.
1496 505 1538 548 p.
1570 491 1688 548 apud
1716 491 1902 535 Plinium

275 560 344 605 CO
372 560 511 616 (1600
528 559 691 616 stadia)
708 561 894 615 legenda
922 574 1019 606 esse
1044 560 1089 604 C.
1111 560 1342 604 Muellerus
1371 565 1528 604 censet.
1545 563 1562 588 ⁸
1593 560 1742 615 quales
1759 563 1903 603 autem

277 628 400 672 multi
434 628 521 672 sint
556 630 719 672 numeri
749 629 935 673 Pliniani
966 630 1052 683 jam
1083 641 1214 683 supra
1241 627 1442 681 vidimus,
1480 628 1553 683 qui
1593 627 1789 683 quamvis
1817 627 1904 670 sint

221 732 225 734 Δ
276 696 391 751 falsi,
423 700 568 741 tamen
596 697 848 752 corrigendo
876 696 975 740 aliis
1014 697 1176 741 similes
1202 708 1287 738 non
1317 695 1526 740 reddendi
1554 700 1666 740 sunt.
1723 695 1839 751 quod
1865 695 1903 738 si

275 764 424 809 liceret
452 776 598 809 omnes
628 765 902 808 difficultates
928 764 1082 807 eadem
1112 763 1277 807 ratione
1303 764 1433 807 facile
1461 764 1721 807 tollerentur.

391 832 457 875 18.
515 832 622 876 Cum
660 831 769 875 mari
797 831 944 875 Africo
979 845 1098 875 mare
1124 831 1313 876 Siculum
1353 830 1571 875 confluens
1600 835 1677 885 est,
1716 830 1760 873 in
1791 830 1903 885 quod

234 930 241 933 -
277 899 498 944 meridiem
525 913 673 944 versus
699 899 876 944 Siciliae
905 900 1239 956 promontorium
1268 898 1496 955 Pachynus
1535 899 1731 942 excurrit.
1745 902 1764 926 ⁴
1822 898 1902 941 hoc

277 981 396 1012 mare
418 967 574 1012 Italiae
605 981 722 1011 oram
753 958 1076 1012 meridionalem
1104 967 1240 1022 afluit,
1281 967 1405 1022 cujus
1443 971 1678 1010 extremum
1706 979 1902 1024 promon-

276 1036 430 1080 torium
460 1036 704 1093 Gocynthus
746 1035 791 1079 id
828 1050 857 1080 a
896 1037 1004 1080 freto
1047 1037 1163 1080 ionio
1204 1036 1406 1092 sejungit.
1463 1034 1594 1079 etiam
1622 1035 1740 1092 Epiri
1771 1035 1902 1078 Acar-

274 1104 432 1149 naniae
469 1104 773 1159 Cephalleniae
810 1105 1110 1160 Peloponnesi
1135 1118 1238 1148 orae
1287 1104 1353 1147 vad
1395 1118 1513 1148 mare
1555 1104 1747 1148 Siculum
1792 1103 1903 1146 sitae

276 1176 388 1229 sunt,
402 1172 419 1201 ⁵
449 1176 583 1215 totum
607 1171 740 1226 igitur
765 1185 884 1214 mare
913 1177 991 1226 est,
1022 1172 1133 1226 quod
1161 1172 1272 1215 inter
1299 1171 1491 1215 Siciliam
1514 1176 1631 1228 patet
1658 1175 1701 1215 et
1725 1170 1902 1214 Italiam

278 1252 411 1294 usque
441 1239 500 1282 ad
528 1240 681 1282 fretum
708 1240 869 1282 ionium
899 1244 942 1282 et
970 1239 1209 1284 Graeciam.
1269 1239 1327 1282 ad
1356 1239 1624 1295 Triphyliam
1650 1245 1794 1281 autem
1823 1237 1902 1280 hoc

276 1320 395 1351 mare
424 1320 510 1351 non
540 1306 734 1363 pertinet.
764 1307 896 1350 maris
924 1307 1057 1352 Siculi
1088 1319 1185 1349 eam
1214 1315 1393 1363 partem,
1424 1320 1537 1362 quae
1566 1311 1632 1351 est
1659 1305 1772 1350 ultra
1797 1304 1903 1349 Sici-

276 1374 380 1417 liam
409 1374 465 1417 ad
487 1375 747 1418 Sallentinos
764 1387 881 1418 mare
904 1374 1140 1418 Ausonium
1159 1379 1297 1429 vocat,
1313 1376 1331 1401 ⁶
1357 1388 1442 1430 quo
1463 1375 1635 1419 nomine
1649 1374 1752 1418 olim
1766 1377 1902 1417 totum

277 1456 396 1486 mare
431 1442 618 1487 Siculum
658 1443 973 1487 nominabatur.
988 1444 1007 1469 ⁷
1068 1443 1222 1487 fluctus
1263 1456 1366 1487 suos
1405 1457 1524 1488 mare
1554 1443 1742 1488 Siculum
1770 1442 1816 1485 in
1846 1441 1903 1486 si-

277 1524 379 1555 num
412 1511 719 1555 corinthiacum
732 1513 750 1540 ⁸
787 1511 990 1567 immittit,
1034 1512 1105 1567 qui
1144 1512 1256 1556 inter
1279 1513 1468 1556 Araxum
1497 1511 1779 1569 Peloponnesi
1808 1523 1904 1567 pro-

278 1580 532 1623 montorium
551 1584 594 1624 et
607 1580 826 1624 Oeniadas
841 1580 1113 1624 Acarnaniae
1136 1581 1282 1625 urbem
1310 1581 1399 1625 fere
1424 1586 1595 1625 centum
1617 1579 1763 1625 stadia
1786 1580 1903 1623 latus

278 1653 343 1692 est
357 1650 374 1676 ⁹
404 1653 446 1691 et
484 1647 595 1692 inter
632 1653 857 1703 utrumque
886 1648 1052 1703 Rhium,
1093 1648 1289 1693 Aetoliae
1326 1654 1370 1693 et
1392 1649 1586 1693 Achaiae
1614 1647 1905 1705 promontoria

279 1715 531 1761 artissimus.
576 1716 729 1759 Rhium
761 1716 892 1759 etiam
947 1717 1102 1760 fretum
1156 1717 1268 1760 inter
1307 1721 1532 1772 utrumque
1571 1716 1906 1773 promontorium

279 1787 468 1827 vocatur.
485 1786 522 1812 ¹⁰
579 1784 710 1827 etiam
732 1784 851 1827 sinus
881 1784 1158 1828 Ambracicns
1174 1786 1211 1812 ¹¹
1242 1784 1373 1828 maris
1404 1784 1534 1829 Siculi
1559 1798 1661 1840 pars
1688 1789 1767 1840 est,
1795 1783 1905 1827 inter

279 1852 456 1907 Epirum
480 1856 523 1895 et
545 1853 834 1896 Acarnaniam
862 1854 982 1907 situs,
1015 1865 1123 1907 quas
1163 1853 1284 1897 sinus
1324 1853 1497 1896 dirimit.
1559 1853 1811 1897 Artissimns
1840 1856 1907 1896 est

280 1918 339 1962 ad
353 1919 626 1964 Acarnanum
653 1921 813 1975 fanum,
843 1921 956 1975 quod
980 1921 1149 1965 Actium
1163 1925 1354 1976 vocatur,
1385 1935 1469 1977 quo
1494 1922 1588 1965 loco
1606 1921 1761 1965 ostium
1784 1920 1906 1964 sinus

279 1991 347 2030 est
377 1987 517 2030 minus
553 1988 741 2043 quinque
783 1989 930 2031 stadia
958 1989 1105 2032 latum.
1164 1990 1210 2032 in
1238 1988 1439 2033 interiore
1465 1995 1609 2033 autem
1634 1994 1757 2046 parte
1786 1989 1906 2033 sinus

280 2054 421 2110 magis
445 2059 578 2111 patet,
604 2059 651 2099 ut
665 2061 836 2099 centum
851 2056 997 2100 stadia
1019 2057 1133 2100 latus
1155 2057 1212 2100 sit
1236 2061 1279 2100 et
1294 2061 1484 2102 trecenta
1499 2072 1527 2102 a
1543 2057 1651 2103 mari
1677 2057 1906 2102 interram

280 2135 509 2165 1mm1ssus.
1206 2147 1213 2150 -

394 2188 460 2231 19.
520 2190 694 2233 Fretum
724 2190 914 2234 Siculum
947 2188 993 2245 (ὁ
1015 2191 1213 2248 πορθμός
1227 2193 1289 2248 ¹²)
1310 2206 1428 2235 mare
1451 2192 1641 2236 Siculum
1668 2206 1766 2236 cum
1793 2193 1904 2235 mari

278 2257 459 2300 Etrusco
498 2257 720 2313 conjungit
750 2262 793 2302 et
830 2258 1052 2303 duodecim
1082 2258 1226 2303 stadia
1253 2259 1389 2303 latum
1419 2263 1495 2303 est.
1516 2262 1558 2288 ¹³·
1600 2261 1654 2304 ab
1684 2260 1905 2305 occidente

279 2323 326 2367 id
369 2324 561 2369 Pelorias
613 2327 816 2370 terminat
858 2327 1032 2371 Siciliae
1074 2329 1429 2383 promontorium,
1478 2329 1533 2372 ab
1578 2329 1711 2372 Italia
1762 2334 1906 2373 autem

279 2391 525 2449 Scyllaeum
548 2395 881 2449 promontorium
900 2398 936 2423 ¹4
965 2395 1011 2438 in
1041 2409 1159 2439 mare
1188 2395 1385 2440 excurrit.
1416 2395 1572 2440 fluctus
1601 2397 1694 2453 ejus
1717 2397 1906 2452 antiquis

279 2460 628 2517 periculosissimi
662 2462 930 2518 videbantur,
975 2468 1022 2507 ut
1051 2463 1108 2507 ad
1146 2463 1226 2507 hoc
1258 2464 1413 2507 fretum
1442 2464 1616 2509 Homeri
1645 2464 1836 2520 Scyllam
1865 2470 1909 2509 et

280 2529 540 2585 Charybdim
568 2535 786 2585 ponerent.
840 2545 973 2586 quare
1005 2532 1135 2575 etiam
1165 2532 1369 2588 Polybius
1397 2532 1609 2587 copiosius
1634 2532 1688 2575 de
1715 2545 1765 2575 eo
1789 2532 1907 2588 dicit,

280 2596 334 2638 de
364 2596 562 2652 Scyllaeo
588 2598 873 2653 promontorio
901 2603 943 2641 et
972 2612 1059 2653 qua
1086 2599 1252 2643 ratione
1281 2600 1480 2654 galeotae
1504 2598 1564 2642 ibi
1594 2599 1834 2655 capiantur,
1862 2607 1909 2644 ut

279 2664 420 2708 locum
473 2664 689 2722 inveniat,
745 2680 871 2722 quem
911 2668 1120 2712 Homerus
1164 2667 1391 2712 describat.
1472 2672 1515 2711 et
1556 2671 1780 2724 tantopere
1828 2668 1908 2713 hac

282 2732 483 2788 opinione
521 2738 675 2791 captus
704 2739 817 2790 erat,
865 2739 913 2778 ut
942 2747 1037 2778 cum
1087 2735 1296 2779 Homerus
1353 2735 1408 2778 de
1453 2734 1671 2793 Charybdi
1727 2736 1910 2782 dixisset

375 2911 388 2933 ¹
411 2915 445 2957 4,
470 2916 523 2949 77.
549 2916 581 2947 8.
629 2913 645 2935 ²
667 2916 756 2952 Plin.
783 2920 814 2960 5,
840 2918 894 2951 21.
944 2914 959 2936 ⁸
982 2927 1093 2958 geogr.
1117 2917 1199 2952 min.
1222 2917 1268 2960 11,
1292 2927 1326 2958 p.
1352 2920 1429 2950 473.
1466 2916 1482 2938 ⁴
1508 2921 1538 2960 1,
1562 2919 1616 2950 42.
1641 2921 1675 2953 4.
1726 2917 1739 2939 ⁸
1765 2922 1797 2962 5,
1821 2921 1853 2952 3.
1879 2922 1911 2956 9,

282 2972 336 3014 12,
360 2970 422 3005 4d.
449 2972 481 3003 5.
535 2968 551 2988 ⁶
571 2971 660 3003 Pnn.
686 2973 718 3015 3,
744 2975 799 3006 75.
849 2971 862 2992 ¹
887 2974 992 3005 Strab.
1019 2974 1098 3007 123.
1146 2971 1162 2991 ⁸
1184 2974 1218 3017 4,
1243 2975 1297 3007 57.
1323 2975 1353 3008 5.
1402 2971 1418 2992 ⁹
1440 2976 1473 3018 4,
1499 2976 1552 3007 65.
1580 2976 1633 3008 10.
1685 2971 1716 2993 ¹⁰
1739 2975 1773 3018 4,
1798 2976 1852 3010 64.
1879 2976 1912 3010 2.

283 3026 310 3048 ¹¹
334 3029 368 3072 4,
395 3029 450 3063 63.
474 3029 504 3061 5.
555 3029 589 3071 5,
611 3029 642 3060 5.
670 3030 722 3064 13.
775 3027 805 3049 ¹²
831 3032 861 3073 1,
887 3031 918 3064 7.
946 3033 973 3062 1.
1027 3027 1056 3050 ¹³
1084 3033 1113 3073 1,
1137 3032 1191 3063 42.
1217 3033 1249 3064 5.
1301 3029 1332 3051 ¹⁴
1355 3031 1462 3065 strab.
1487 3043 1520 3074 p.
1539 3033 1594 3065 24.

1637 3084 1685 3118 2*
