2168 3278
1070 96 1127 142 46

280 225 392 276 sunt,
411 226 457 265 ut
479 221 554 265 alii
584 228 751 278 quoque
767 221 874 267 clari
891 224 1046 281 campi,
1068 223 1121 267 de
1140 222 1292 278 quibus
1314 223 1619 281 mythogr‘aphi
1644 225 1918 284 scripserant,

280 292 324 333 et
351 290 438 347 ipsi
468 290 513 334 di
554 295 744 335 certasse
774 291 829 336 de
859 293 922 336 eis
967 293 1170 336 dicuntur
1207 297 1381 348 propter
1408 305 1657 349 camporum
1688 293 1915 350 pulchritu-

280 358 424 401 dinem
452 362 495 402 et
519 358 846 414 praestantiam.
898 360 1092 404 omnibus
1123 360 1276 404 Italiae
1303 360 1470 415 campis
1492 374 1566 405 eos
1592 367 1813 417 praestare
1841 362 1916 405 Po-

280 426 425 481 lybius
452 427 570 481 dicit,
601 440 696 470 cum
723 428 781 470 ad
801 428 942 484 ipsum
973 441 1090 471 mare
1119 428 1204 471 sint
1239 428 1312 471 siti
1341 433 1383 471 et
1410 429 1570 472 talibus
1595 430 1799 485 portubus
1829 428 1911 472 frui

278 495 454 549 possint,
485 495 543 537 ad
573 504 679 548 quos
704 496 795 537 fere
823 510 971 539 omnes
996 495 1127 538 totius
1144 496 1257 538 orbis
1279 500 1487 538 terrarum
1516 509 1647 540 naves
1674 497 1908 552 adpellant,

278 577 389 618 quae
420 563 592 608 Italiam
622 568 786 620 petant.

392 631 458 673 14.
515 630 711 688 ,Iapygia
728 634 742 658 ¹
774 635 866 675 tota
882 631 958 673 illa
975 631 1129 675 Italiae
1146 644 1249 688 pars
1274 635 1462 685 vocatur,
1494 644 1606 686 quae
1635 645 1663 675 a
1689 633 1914 677 Frentanis

277 712 413 753 usque
452 700 510 743 ad
551 700 887 755 promontorium
924 699 1162 754 Japygium
1208 699 1404 755 pertinet,
1453 712 1580 753 quam
1621 701 1824 756 Apuliam
1871 705 1913 743 et

276 765 522 811 Calabriam
539 768 722 812 Romani
742 767 977 811 nominant.
1010 767 1230 824 Japygum
1247 770 1263 795 2
1294 771 1436 811 autem
1467 767 1639 811 nomine
1670 783 1755 812 non
1780 769 1911 812 totius

276 836 406 889 hujus¹
431 839 572 878 terrae
600 837 768 878 incolae
804 836 1112 890 significantur,
1153 836 1230 879 sed
1272 839 1357 878 tres
1382 835 1562 892 populos
1589 835 1819 892 ⁴Iapygiam
1849 836 1912 878 in-

275 903 415 946 colere
445 902 650 958 Polybius
683 903 799 957 dicit,
817 905 833 929 ³
880 908 924 946 et
968 903 1012 945 in
1054 903 1141 945 tria
1188 904 1363 946 nomina
1394 908 1549 946 terram
1590 900 1774 947 divisam
1804 918 1911 958 csse,

274 975 453 1025 quorum
484 971 569 1014 dno
593 975 762 1014 tantum
786 970 964 1014 nomina
990 970 1128 1024 affert,
1160 970 1426 1014 Dauniorum
1442 973 1459 999 4
1489 975 1530 1013 et
1555 971 1912 1028 Messapioi-um.⁶

274 1037 341 1080 his
370 1038 577 1081 Cluverus
605 1039 829 1081 Peucetios
872 1038 1061 1092 adjicere
1103 1040 1206 1093 vult,
1246 1052 1426 1092 quorum
1457 1052 1609 1080 nomen
1642 1040 1758 1092 apud
1788 1040 1910 1096 Poly·

273 1105 390 1150 bium
421 1118 632 1162 nusquam
662 1106 830 1163 legitur.
890 1106 967 1150 sed
998 1120 1094 1151 cum
1124 1111 1293 1163 praeter
1316 1106 1412 1151 illos
1439 1107 1547 1151 duos
1570 1108 1749 1164 populos
1778 1110 1908 1152 etiam

272 1177 493 1230 Japygum
518 1180 562 1216 et
592 1175 904 1217 Calabrorum⁶
936 1175 1193 1218 mentionem
1223 1175 1369 1230 faciat,
1399 1175 1546 1218 horum
1566 1188 1695 1219 unum
1717 1175 1791 1218 illo
1814 1175 1908 1219 loco

272 1243 539 1286 nominatum
570 1256 666 1286 esse
693 1243 785 1285 veri
814 1243 997 1285 similius
1029 1247 1106 1285 est.

385 1311 633 1354 Ceterarum
662 1310 818 1353 Italiae
849 1310 1073 1364 regionum
1097 1309 1289 1364 gentium
1312 1308 1480 1353 urbium
1511 1309 1686 1353 nomina
1710 1309 1788 1353 hoc
1813 1310 1906 1353 loco

272 1382 504 1434 praetereo.

421 1595 468 1630 d.
516 1590 595 1629 Ile
620 1593 789 1632 tertia
813 1593 1020 1639 Polybii
1046 1591 1357 1638 paeninsula
1380 1593 1434 1628 et
1459 1594 1523 1628 de
1549 1592 1753 1636 quarta.

385 1708 420 1749 1.
477 1708 541 1747 De
577 1707 717 1761 figura
756 1707 885 1748 totius
918 1706 1072 1748 tertiae
1108 1707 1392 1760 paeninsulae
1427 1711 1469 1748 et
1495 1710 1673 1759 quartae
1704 1706 1783 1748 hoc
1811 1706 1904 1747 loco

268 1777 460 1830 repetere
500 1773 641 1829 liceat,
676 1787 785 1828 quae
821 1773 916 1829 jam
954 1787 1086 1828 supra
1124 1773 1323 1825 diximus,
1366 1774 1690 1827 Hellespontum
1719 1774 1903 1827 Propon-

268 1841 401 1883 tidem
449 1842 686 1897 Bosporum
728 1842 956 1884 Thracium
995 1841 1084 1883 fere
1126 1854 1152 1883 a
1193 1841 1370 1884 meridie
1410 1840 1719 1896 septentriones
1757 1852 1903 1883 versus

265 1914 423 1952 terram
452 1909 628 1963 alluere,
656 1908 939 1966 paeninsulae
961 1913 1125 1963 partem
1144 1909 1256 1952 inter
1271 1909 1451 1952 Pontum
1482 1913 1524 1952 et
1546 1909 1753 1952 Hadriam
1775 1909 1901 1952 sitam

261 1977 382 2033 justo
412 1977 551 2031 magis
582 1977 779 2030 coartari,
806 1981 851 2021 ut
877 1978 930 2021 ab
957 1978 1122 2020 Haemo
1152 1981 1374 2031 utrumque
1403 1991 1520 2020 mare
1542 1977 1731 2032 conspici
1756 1976 1901 2033 possit,

268 2046 411 2088 sinum
448 2045 728 2089 thermaicum
761 2059 844 2088 non
890 2051 978 2089 tam
1019 2046 1064 2088 in
1100 2045 1287 2088 mediam
1323 2046 1626 2101 paeninsulam
1665 2059 1693 2087 a
1722 2044 1900 2100 Polybio

267 2112 463 2167 extendi,
485 2125 614 2167 quam
636 2113 942 2157 Eratosthenes
967 2117 1173 2169 putasset.

378 2180 566 2223 Tertiam
597 2185 739 2223 autem
770 2181 1067 2235 paeninsulam
1100 2181 1157 2223 ad
1187 2181 1351 2223 Maleas
1382 2186 1424 2224 et
1446 2182 1624 2225 Sunium
1656 2193 1900 2236 procurrere

266 2249 470 2304 Polybius
497 2248 614 2302 dicit,
631 2251 646 2277 ⁷
678 2248 793 2302 quod
824 2254 1076 2303 argumento
1109 2255 1185 2301 est,
1215 2262 1299 2303 quo
1323 2255 1514 2305 apparet,
1546 2249 1770 2304 Polybium
1798 2261 1899 2301 quo-

264 2330 359 2371 que,
388 2321 431 2359 ut
448 2317 675 2373 plerosque
692 2315 963 2370 antiquitatis
981 2316 1252 2373 geographos
1283 2317 1336 2360 de
1358 2318 1529 2361 Atticae
1555 2323 1597 2360 et
1616 2315 1898 2371 Peloponnesi

263 2387 347 2428 situ
380 2398 559 2439 errasse,
587 2399 681 2427 cum
698 2385 877 2428 Sunium
894 2385 1034 2439 magis
1056 2385 1279 2428 meridiem
1296 2397 1444 2429 versus
1461 2385 1506 2428 in
1537 2397 1655 2427 mare
1678 2396 1900 2428 excurrere

262 2458 477 2509 putarent,
511 2457 558 2495 ut
571 2452 899 2506 aequinoctialis
925 2467 1001 2508 per
1024 2454 1245 2496 columnas
1262 2452 1460 2496 Herculis
1487 2457 1530 2495 et
1544 2452 1741 2495 Rhodum
1769 2451 1899 2494 ducta

263 2521 428 2565 Maleas
459 2521 587 2564 simul
618 2524 661 2563 et
689 2520 865 2564 Sunium
898 2522 1142 2576 attingeret,
1185 2521 1299 2576 quod
1329 2520 1635 2565 Eratosthenes
1669 2521 1897 2576 putabat,⁸

263 2595 304 2634 et
334 2589 422 2644 alii,
455 2589 527 2644 qui
557 2589 666 2632 adeo
697 2601 772 2644 per
804 2589 924 2645 ipsas
959 2589 1150 2632 Athenas
1180 2589 1364 2633 eandem
1391 2589 1746 2644 aequinoctialem
1771 2589 1897 2633 duce-

262 2663 367 2714 rent,
398 2671 538 2713 neque
564 2657 720 2701 Strabo
745 2656 826 2701 hac
853 2657 908 2701 de
936 2657 1152 2702 sententia
1179 2657 1377 2702 decessit.
1393 2660 1409 2685 ⁹

376 2726 416 2768 2.
475 2725 795 2781 Septentriones
820 2738 969 2769 versus
990 2726 1101 2769 Ister
1123 2726 1276 2769 fluvius
1306 2724 1605 2782 paeninsulam
1630 2724 1842 2781 terminat,
1858 2728 1896 2753 ¹⁰

262 2794 335 2850 qui
364 2808 391 2838 a
422 2793 578 2837 Maleis
609 2806 662 2837 ex
691 2792 858 2849 Polybii
904 2793 1106 2850 opinione
1146 2793 1292 2836 decem
1334 2792 1455 2835 milia
1493 2792 1728 2836 stadiorum
1759 2794 1894 2848 abest,

356 2988 368 3009 ¹
393 2991 427 3032 3,
450 2989 505 3023 ss.
531 2990 562 3020 3.
620 2985 638 3005 ¹
662 2989 695 3031 2,
719 2989 773 3020 24.
802 2990 853 3023 ιι,
912 2984 925 3007 ¹
953 2988 985 3031 3,
1013 2988 1069 3020 88.
1094 2990 1125 3020 4.
1185 2986 1203 3007 ⁴
1226 2989 1259 3030 3,
1283 2989 1339 3021 οι.
1365 2988 1395 3018 5.
1445 2989 1498 3029 ιο,
1527 2989 1555 3021 1.
1583 2989 1612 3019 3.
1662 2985 1678 3007 ⁶
1701 2990 1733 3031 3,
1757 2990 1811 3021 24.
1841 2990 1894 3020 11.

259 3048 313 3079 ss.
339 3048 372 3081 4.
420 3043 438 3065 ⁸
462 3048 516 3087 ιο,
542 3047 570 3078 ι.
596 3047 629 3077 3.
686 3042 701 3064 ¹
723 3045 830 3078 sunu.
858 3046 934 3077 ios.
983 3042 999 3063 ⁸
1021 3045 1066 3075 id.
1094 3046 1147 3078 67.
1197 3041 1213 3063 ⁸
1234 3044 1281 3075 td.
1305 3044 1359 3075 32.
1411 3040 1441 3063 ¹⁰
1465 3044 1510 3076 id.
1537 3045 1616 3075 389.
