2168 3278
1050 117 1107 162 40

270 241 405 286 iidem
449 242 739 296 nominantur,
784 256 871 297 qua
905 243 1076 297 generis
1113 243 1322 285 varietate
1364 243 1492 285 etiam
1535 245 1697 287 factum
1732 248 1809 300 est,
1853 248 1901 288 ut

269 309 524 355 inimicitiae
572 310 673 354 illae
703 310 908 355 Taurinis
947 325 1043 355 cum
1087 311 1336 354 Insubribus
1375 310 1699 357 intercederent.
1749 325 1900 368 pugna

268 383 425 432 autem,
456 392 586 433 quam
612 391 709 421 cum
724 378 928 421 Taurinis
945 379 1163 421 Hannibal
1194 378 1418 432 commisit,
1445 382 1488 421 et
1504 379 1621 423 urbis
1636 379 1898 436 expugnatio

268 446 435 503 primae
466 450 589 491 erant
617 459 686 489 res
727 460 753 488 a
784 445 1212 501 Carthaginiensibus
1242 450 1391 501 gestae
1420 447 1464 489 in
1494 447 1635 500 Italia,
1679 461 1788 502 quas
1817 449 1899 490 Ro-

267 513 386 558 mani
414 513 684 568 audiverunt,
715 526 798 568 quo
825 514 986 558 factum
1018 519 1094 570 est,
1126 519 1171 558 ut
1201 515 1383 571 primum
1411 514 1467 558 ad
1498 514 1708 559 Taurinos
1736 516 1899 559 Hanni-

269 583 412 626 balem
439 582 612 625 venisse
636 587 849 636 putarent.
906 597 959 626 ex
989 583 1154 639 Polybii
1192 587 1335 625 autem
1363 582 1649 638 descriptione
1689 586 1731 626 et
1762 583 1898 626 Caelii

269 648 487 706 Antipatri
517 653 711 705 apparet,
752 649 873 692 illum
904 649 957 693 de
984 650 1084 706 Alpi
1118 651 1252 695 Graia
1290 664 1366 707 per
1397 649 1596 694 Salassos
1625 650 1899 694 descendisse

268 723 312 762 et
344 718 522 762 Duriam
547 716 753 772 majorem
783 722 976 761 secutum
1006 719 1063 762 ad
1093 718 1292 761 Insubres
1318 718 1501 762 venisse.⁷

384 786 451 829 13.
510 786 649 839 Atque
674 790 721 828 ut
750 799 864 829 nunc
894 788 1117 829 redeamus
1142 786 1199 828 ad
1220 785 1405 829 Galliam
1430 786 1757 841 transalpinam,
1785 787 1900 830 Galli

270 865 368 896 eam
394 853 596 907 incolunt,
627 853 700 907 qui
730 854 1011 911 Transalpini
1043 868 1070 897 a
1099 853 1304 897 Romanis
1333 858 1551 897 vocantur.
1571 857 1583 881 ¹
1635 854 1689 898 de
1718 854 1900 910 singulis

270 921 440 977 populis
467 922 741 965 nominantur
763 922 1016 977 Allobroges
1040 922 1339 978 (Αλλόβριγες),
1356 925 1372 948 2
1402 923 1579 977 Ardyes,
1611 922 1682 976 qui
1705 922 1899 966 Rhodani

270 988 398 1032 vallis
428 1002 523 1033 eam
552 997 717 1046 partem
748 990 951 1042 incolunt,
994 1004 1105 1043 quae
1137 990 1194 1032 ad
1232 990 1542 1043 septentriones
1574 994 1752 1044 spectat.
1770 992 1787 1018 ⁸
1844 991 1899 1032 ab

272 1056 371 1099 aliis
399 1056 539 1100 eidem
563 1070 648 1101 non
679 1056 966 1111 nominantur,
997 1070 1083 1111 qua
1112 1070 1157 1100 re
1185 1070 1261 1113 pro
1291 1056 1355 1100 his
1388 1054 1546 1108 Αἴδυας
1573 1056 1778 1112 legendos
1805 1070 1900 1102 esse

272 1125 513 1167 Gronovius
543 1130 700 1168 censet.
760 1125 1006 1166 Gaesatas4
1038 1130 1194 1178 autem,
1235 1138 1340 1177 quos
1378 1125 1610 1178 nominent,
1649 1139 1734 1167 non
1760 1126 1901 1180 gentis

274 1190 463 1246 gallicae
503 1205 659 1236 nomen
689 1204 784 1236 esse
814 1191 1021 1248 Polybius
1057 1192 1203 1247 tradit,
1234 1191 1309 1235 sed
1340 1206 1413 1236 eos
1444 1192 1592 1237 Gallos
1623 1192 1701 1236 hoc
1729 1193 1901 1236 nomine

274 1259 351 1313 uti,
378 1272 484 1313 quos
512 1261 626 1303 Galli
659 1259 796 1301 italici
826 1273 879 1302 ex
909 1260 1090 1316 Alpibus
1121 1265 1162 1302 et
1192 1274 1219 1303 a
1247 1260 1455 1303 Rhodano
1485 1258 1692 1301 auxilium
1722 1259 1801 1303 sibi
1831 1273 1902 1303 vo-

274 1331 422 1371 carent
447 1332 490 1371 et
518 1327 802 1389 mercenarios
833 1328 911 1372 hoc
943 1341 1096 1372 nomen
1124 1328 1381 1383 significare.

392 1396 456 1437 14.
517 1397 690 1448 Restat,
730 1401 776 1437 ut
814 1395 1172 1449 quemadmodum
1218 1396 1311 1451 jam
1359 1396 1412 1439 de
1458 1395 1647 1438 omnium
1685 1395 1903 1439 Gallorum

277 1462 466 1505 moribus
494 1470 537 1504 et
567 1462 776 1505 institutis
813 1463 1018 1504 nonnulla
1050 1462 1250 1515 diximus,
1295 1462 1372 1504 hoe
1408 1464 1501 1504 loco
1544 1463 1675 1505 etiam
1721 1462 1904 1504 aliarum

274 1528 530 1584 gallicarum
555 1529 746 1583 gentium
775 1529 951 1572 nomina
979 1530 1065 1572 sint
1092 1530 1395 1572 enumeranda.
1457 1530 1730 1572 nominantur
1759 1533 1903 1571 autem

274 1596 318 1639 in
347 1596 499 1639 Italia:
528 1596 622 1651 Lai,
653 1597 838 1650 Lebecii,
862 1597 1074 1649 Insubres,
1107 1597 1359 1651 Gonomani,
1386 1598 1551 1640 Anares
1583 1597 1712 1651 (quod
1749 1610 1904 1640 nomen

276 1678 371 1708 cum
400 1664 677 1708 Mommsenio
708 1664 938 1719 legendum
969 1668 1045 1719 est,
1072 1664 1145 1707 ubi
1176 1664 1219 1706 in
1251 1664 1371 1707 libris
1402 1665 1558 1708 nostris
1588 1666 1754 1708 Anares
1791 1665 1904 1708 Ana-

274 1746 415 1777 mares
439 1732 576 1776 Andri
599 1733 828 1788 leguntur)‚
876 1732 984 1788 Boji,
1012 1732 1240 1786 Lingones,
1269 1733 1467 1776 Senones.
1530 1732 1834 1776 Macedonibus
1864 1737 1905 1776 et

276 1800 511 1844 Dardaniis
550 1803 790 1845 Bastarnae
830 1800 960 1844 vicini
999 1804 1144 1855 erant,
1184 1812 1290 1854 quos
1337 1804 1426 1843 tum
1458 1800 1657 1854 Polybius
1703 1813 1730 1843 a
1769 1800 1905 1845 Gallis

275 1870 542 1924 distinguere
587 1883 671 1912 non
714 1874 895 1924 poterat.
958 1882 1010 1911 ex
1049 1870 1220 1923 Europa
1253 1868 1295 1910 in
1326 1868 1476 1910 Asiam
1508 1869 1562 1910 ab
1593 1868 1739 1910 Attalo
1768 1868 1905 1922 Aego-

278 1950 410 1994 sages
441 1941 659 1992 vocantur,
701 1936 919 1981 Galatiam
956 1940 1099 1980 autem
1131 1936 1393 1990 Tectosages
1424 1935 1706 1990 Tolistobogii
1735 1936 1905 1979 Trocmi

276 2005 482 2048 incolunt.
539 2009 711 2061 praeter
737 2005 811 2047 hos
842 2004 886 2046 in
920 2004 1026 2046 Asia
1054 2000 1317 2060 Ῥιγόσαγεςῧ
1363 2004 1650 2058 nominantur,
1693 2016 1799 2058 quos
1826 2003 1905 2047 Ca-

277 2074 496 2118 saubonus
529 2075 788 2126 Tectosages
820 2072 1023 2126 legendos
1054 2085 1148 2114 esse
1179 2077 1313 2126 putat.

910 2340 953 2366 e.
1000 2332 1078 2366 De
1103 2330 1279 2366 ltalia·-

397 2434 433 2474 1.
494 2433 599 2475 Cum
617 2433 781 2487 primae
804 2432 1087 2486 paeninsulae
1102 2431 1303 2486 Polybius
1320 2442 1541 2472 commune
1562 2442 1715 2473 nomen
1736 2443 1818 2473 non
1838 2429 1908 2473 de-

278 2502 426 2555 disset,
449 2500 527 2543 sed
542 2499 739 2554 singulas
755 2499 849 2554 ejus
874 2503 1011 2541 terras
1037 2511 1090 2541 ex
1107 2498 1288 2553 singulis
1310 2497 1480 2553 populis
1506 2497 1783 2552 nominasset,
1805 2497 1908 2540 alte-

278 2583 384 2624 ram,
399 2582 513 2623 quae
538 2568 593 2611 ad
618 2568 772 2611 fretum
789 2566 979 2610 Siculum
996 2566 1214 2621 procurrit,
1232 2580 1316 2608 uno
1334 2566 1581 2621 appellabat
1594 2565 1777 2609 nomine.
1804 2565 1907 2608 haec

280 2638 407 2693 enim,
434 2636 630 2693 quamvis
646 2635 813 2692 Polybii
830 2635 1087 2691 temporibus
1112 2649 1137 2678 a
1164 2635 1306 2678 multis
1330 2641 1371 2678 et
1400 2634 1580 2677 diversis
1606 2633 1774 2689 populis
1794 2634 1908 2676 inco-

278 2711 447 2762 leretur,
477 2707 602 2749 unius
621 2709 764 2748 tamen
789 2703 935 2761 populi
958 2703 1134 2758 imperio
1166 2717 1191 2745 a
1208 2703 1314 2746 mari
1334 2702 1475 2746 Siculo
1490 2701 1547 2744 ad
1564 2701 1694 2758 Alpes
1715 2701 1910 2757 subjecta

280 2782 385 2824 erat,
402 2790 485 2830 quo
502 2776 664 2818 factum
694 2779 771 2828 est,
802 2779 848 2816 ut
879 2773 1007 2816 facile
1037 2787 1064 2814 a
1082 2773 1258 2815 Graecis
1276 2771 1516 2814 hominibus
1541 2769 1676 2812 doctis
1695 2770 1752 2812 ad
1774 2774 1908 2812 totam

282 2857 410 2887 unum
429 2855 585 2886 nomen
608 2840 830 2885 transferri
857 2845 1016 2897 posset.
1042 2839 1196 2882 Italiae
1212 2844 1353 2883 autem
1370 2851 1522 2881 nomen
1540 2851 1568 2881 a
1585 2836 1763 2881 Graecis
1793 2836 1836 2880 in
1856 2850 1910 2881 ea

279 2912 561 2968 paeninsulae
588 2909 764 2963 regione
793 2910 1026 2961 inventum,
1052 2908 1165 2961 quod
1195 2907 1404 2949 Bruttium
1435 2909 1583 2960 postea
1608 2909 1806 2947 vocatum
1832 2909 1909 2959 est,

377 3049 386 3068 ¹
415 3051 447 3091 2,
474 3052 525 3082 15.
553 3051 585 3080 8.
633 3047 648 3066 ²
675 3052 706 3086 3,
733 3051 786 3079 50.
837 3046 850 3065 ³
875 3049 907 3088 3,
931 3050 984 3081 47,
1034 3044 1049 3063 ⁴
1075 3047 1105 3083 2,
1131 3048 1182 3075 22.
1215 3048 1241 3079 ι,
1292 3042 1304 3062 ⁵
1330 3047 1361 3080 5,
1387 3045 1439 3074 53.
1467 3045 1496 3074 3.
