2168 3278
1081 85 1137 130 38

287 214 462 259 Raetos.
480 215 496 240 ¹
553 211 715 259 animal
770 225 940 267 quoque
981 211 1160 267 Alpibus
1214 211 1431 267 proprium
1481 213 1644 268 primus
1684 213 1922 270 descripsit,

285 282 436 325 aloem.
454 282 471 307 ²

404 349 445 392 8.
504 348 626 400 Quae
656 348 735 391 tali
763 349 892 391 modo
909 348 1113 405 Polybius
1142 347 1275 390 multo
1300 347 1464 403 melius,
1498 361 1626 404 quam
1656 350 1733 394 alii
1760 354 1920 406 narrat,
1986 400 1991 405 ,

288 418 379 463 suis
418 418 513 471 ipse
555 417 925 472 explorationibus
956 421 1229 471 cognoverat,
1272 429 1367 459 cum
1408 416 1502 472 ipse
1534 418 1666 473 Alpes
1697 418 1887 472 vidisset,
1904 420 1922 445 ⁸

289 489 332 531 et
365 485 422 529 ad
454 486 592 530 solum
623 485 849 542 Polybium
879 485 1147 530 referendum
1193 489 1269 539 est,
1317 485 1431 539 quod
1472 484 1526 528 de
1553 485 1811 532 Hannibalis
1849 501 1918 531 ex-

286 554 505 607 peditione
535 555 780 597 accuratius
811 555 934 598 nobis
964 555 1167 597 traditum
1198 558 1274 596 est.
1319 566 1419 595 nam
1444 558 1533 596 tum
1565 554 1734 597 demum
1762 556 1918 603 rectius

288 621 455 676 aliquid
482 621 537 665 de
555 635 608 665 ea
630 621 851 676 cognitum
881 628 958 676 est,
988 636 1081 666 cum
1103 621 1301 676 neglecta
1323 621 1434 663 Livii
1460 622 1639 665 confusa
1666 622 1743 665 illa
1771 635 1918 669 narra-

287 689 405 732 tione
436 689 573 732 solum
603 689 827 745 Polybium
859 688 1011 732 ducem
1035 702 1175 733 rerum
1206 688 1434 744 scriptores
1463 689 1760 744 sequebantur.
1814 702 1916 744 quo-

286 771 380 800 rum
405 757 567 813 primus
594 757 867 800 Mellevillius
898 757 992 811 fuit,
1025 757 1097 811 qui
1125 757 1218 813 ipse
1246 757 1304 799 rei
1322 756 1520 799 militaris
1539 757 1712 812 peritus,
1736 758 1916 813 Polybio

288 824 397 869 duee
427 824 524 869 vias
554 824 653 868 illas
693 823 935 879 exploravit
973 830 1016 868 et
1046 824 1222 879 invenit,
1266 823 1417 878 quibus
1454 825 1671 868 Hannibal
1707 839 1810 869 usus
1841 830 1916 878 est,

286 905 372 946 qua
416 893 462 934 in
514 893 809 948 exploratione
852 897 1003 946 postea
1058 893 1181 935 multi
1226 893 1412 935 locorum
1457 892 1624 935 illorum
1668 892 1916 950 peritissimi

285 959 407 1003 illum
434 961 571 1004 secuti
601 964 713 1015 sunt,
744 960 814 1014 qui
848 960 1021 1015 singula
1053 960 1315 1015 corrigentes
1343 965 1477 1003 totum
1509 962 1806 1016 probaverunt.

400 1028 497 1071 Non
524 1042 665 1072 meum
708 1042 802 1071 esse
840 1029 1010 1073 videtur
1048 1029 1126 1072 hoc
1160 1028 1253 1071 loco
1292 1027 1459 1071 illorum
1496 1029 1730 1073 sententias
1769 1028 1915 1072 multis

284 1096 428 1141 verbis
474 1102 676 1152 repetere,
718 1097 795 1141 sed
827 1110 938 1151 quae
969 1098 1023 1140 ab
1053 1097 1146 1153 ipso
1181 1097 1357 1153 Polybio
1391 1097 1619 1141 traduntur
1648 1097 1916 1154 expositurus

286 1178 393 1218 sum,
435 1168 477 1207 et
516 1178 628 1219 quae
658 1165 865 1208 hodierna
904 1166 1000 1208 loca
1030 1166 1118 1209 fere
1155 1166 1248 1208 sine
1277 1165 1406 1208 dubio
1432 1165 1602 1221 plurimi
1632 1165 1913 1209 recentiorum

285 1247 382 1276 cum
412 1233 474 1276 eis
505 1233 789 1287 contulerunt,
818 1233 930 1287 'quae
956 1233 1157 1289 Polybius
1184 1234 1398 1276 describit.

401 1300 440 1343 9.
500 1302 563 1343 Ac
610 1300 862 1343 Rhodanum
908 1301 1079 1353 quidem
1122 1300 1339 1342 Hannibal
1383 1314 1433 1342 eo
1477 1301 1570 1342 loco
1610 1300 1802 1353 transiit,
1842 1301 1914 1354 qui

286 1372 488 1422 quattuor
528 1367 688 1409 dierum
730 1368 812 1409 iter
849 1380 876 1409 a
912 1367 1021 1409 mari
1062 1368 1197 1419 abest,
1243 1367 1428 1410 ducenta
1466 1365 1611 1410 stadia
1644 1366 1757 1410 infra
1794 1366 1913 1411 illum

283 1436 435 1488 locum,
467 1448 550 1488 quo
572 1435 725 1476 fluvius
750 1435 794 1476 in
817 1435 926 1476 duas
942 1441 1088 1489 partes
1114 1435 1291 1487 divisus,
1318 1435 1499 1476 insulam
1523 1434 1741 1487 quandam
1765 1434 1881 1477 facit.
1897 1438 1914 1461 ⁴¹

282 1501 466 1545 transitu
511 1501 627 1545 facto
670 1501 882 1545 exercitus
928 1501 1110 1545 adverso
1151 1501 1359 1545 Rhodano
1404 1501 1608 1544 orientem
1649 1515 1796 1544 versus
1833 1502 1915 1544 iter

282 1568 398 1624 feeit,
438 1570 564 1624 quasi
600 1570 644 1613 in
669 1570 1006 1613 mediterraneas
1034 1572 1233 1624 Europae
1260 1574 1403 1626 partes
1436 1570 1742 1625 profecturus.⁵
1800 1569 1913 1624 quod

283 1638 490 1681 orientem
517 1651 667 1682 versus
694 1639 923 1681 exercitum
955 1640 1036 1681 iter
1068 1639 1222 1681 fecisse
1247 1638 1363 1687 dicit,
1404 1638 1570 1693 Polybii
1599 1638 1798 1693 opinione
1826 1638 1912 1681 effi-

281 1705 403 1760 citur,
434 1719 563 1760 quam
596 1706 714 1750 illum
745 1707 799 1749 de
829 1706 1025 1749 Rhodani
1059 1712 1102 1748 et
1131 1707 1301 1761 Alpium
1334 1706 1420 1748 situ
1447 1706 1649 1749 habuisse
1679 1719 1811 1762 supra
1842 1706 1913 1748 de-

281 1774 630 1817 monstravimus.
680 1775 844 1829 quartis
869 1774 1033 1828 castris,
1064 1775 1228 1817 octavis
1262 1774 1394 1829 igitur
1418 1787 1445 1816 a
1473 1774 1595 1828 mari,
1625 1774 1911 1817 Hannibalem

282 1842 339 1887 ad
364 1843 553 1885 Insulam
584 1842 753 1884 venisse
794 1842 969 1895 tradit,⁶
1010 1855 1119 1895 quae
1159 1843 1215 1884 sit
1245 1847 1358 1883 terra
1382 1841 1616 1882 incolarum
1640 1841 1911 1884 multitudine

280 1911 539 1964 frugumque
565 1909 692 1964 copia
716 1914 954 1965 praestans,
995 1914 1037 1951 et
1069 1923 1179 1963 quae
1218 1923 1368 1952 nomen
1401 1923 1453 1952 ex
1480 1909 1565 1952 situ
1594 1909 1785 1963 traxerit,
1815 1922 1911 1957 cum

283 1977 518 2021 Rhodanus
554 1981 597 2019 et
633 1978 755 2020 Isara
784 1976 899 2019 fluvii
941 1982 1167 2030 utrumque
1197 1978 1311 2019 latus
1351 1976 1538 2031 amplexi
1574 1977 1617 2020 in
1647 1990 1779 2019 unum
1814 1990 1911 2022 con-

282 2044 429 2092 fluant.
482 2044 822 2098 magnitudinem
868 2044 960 2098 ejus
993 2049 1035 2086 et
1075 2044 1254 2099 figuram
1291 2058 1385 2088 cum
1422 2045 1549 2087 Delta
1576 2044 1766 2100 Aegypti
1798 2058 1909 2087 com-

281 2116 420 2167 parat,
452 2125 479 2153 a
503 2124 586 2165 quo
618 2111 696 2153 hoc
728 2112 911 2166 differat,
950 2113 1061 2165 quod
1100 2113 1224 2166 hujus
1253 2113 1391 2154 latera
1422 2112 1530 2154 mari
1561 2117 1602 2154 et
1632 2112 1773 2156 fluviis
1804 2113 1909 2156 allu-

280 2183 419 2232 antur,
459 2178 646 2225 insulam
678 2184 819 2222 autem
852 2180 1006 2225 summi
1038 2185 1201 2223 montes
1234 2180 1424 2234 cingant.
1483 2194 1636 2223 nomen
1662 2181 1821 2236 populi,
1852 2181 1910 2223 ad

279 2261 406 2303 quem
438 2247 620 2302 primum
648 2247 866 2290 Hannibal
906 2248 950 2290 in
993 2248 1183 2291 Insulam
1213 2248 1379 2290 intrans
1413 2248 1542 2301 venit,
1588 2248 1788 2303 Polybius
1823 2261 1909 2296 nou

279 2314 427 2368 tradit,
472 2314 549 2357 sed
594 2315 651 2358 ab
681 2315 984 2369 Allobrogibus
1024 2329 1122 2358 eum
1162 2315 1403 2369 distinguit,
1445 2329 1521 2371 per
1565 2328 1741 2367 quorum
1781 2313 1909 2370 agros

279 2381 568 2424 Hannibalem
599 2381 797 2437 princeps
831 2382 946 2425 illius
989 2396 1122 2436 usque
1160 2384 1218 2425 ad
1252 2382 1509 2425 adscensum
1548 2382 1592 2424 in
1623 2382 1755 2439 Alpes
1783 2383 1909 2426 comi·

277 2455 393 2493 tatus
416 2451 484 2493 sit.

393 2516 459 2560 10.
518 2517 599 2560 Per
625 2516 772 2561 decem
805 2517 927 2560 dies⁷
964 2532 990 2560 a
1029 2518 1211 2562 transitu
1246 2517 1444 2563 Rhodani
1479 2517 1697 2561 Hannibal
1727 2518 1907 2563 adverso

278 2585 453 2627 flumine
489 2586 570 2627 iter
607 2586 770 2626 fecerat
805 2585 848 2625 in
889 2586 1031 2638 plano,
1071 2586 1158 2627 fere
1198 2586 1444 2639 octingenta
1476 2585 1632 2639 stadia,
1674 2598 1749 2627 sex
1776 2585 1908 2640 igitur

277 2651 369 2695 dies
417 2664 494 2707 per
524 2651 710 2696 insulam
748 2655 790 2694 et
827 2651 976 2694 ultima
1016 2651 1170 2696 itinera
1202 2666 1277 2709 per
1318 2652 1589 2708 Allobrogum
1631 2666 1770 2708 agros,
1811 2668 1906 2698 cum

274 2721 458 2774 primum
487 2721 619 2774 Alpes
649 2720 876 2762 adscendit
908 2734 981 2774 per
1010 2721 1233 2774 angustias
1259 2722 1312 2763 ab
1341 2722 1641 2775 Allobrogibus
1664 2726 1905 2776 occupatas.

274 2787 408 2841 (Mont
442 2786 500 2831 du
529 2787 664 2841 Chat).
695 2788 949 2833 duodecimo
969 2789 1038 2833 die
1062 2789 1438 2844 Carthaginienses
1454 2790 1498 2832 in
1529 2790 1629 2833 urbe
1657 2797 1906 2846 expugnata

368 2958 378 2978 ¹
403 2961 510 2995 strab.
534 2963 614 2994 208.
664 2961 679 2980 ²
702 2964 735 2993 id
775 2964 850 2994 207.
901 2961 914 2981 ³
939 2965 970 3004 3,
998 2964 1050 2992 48.
1075 2964 1124 2993 12.
1164 2962 1179 2980 ⁴
1208 2966 1239 3004 3,
1265 2965 1318 2996 42.
1347 2964 1376 2993 τ.
1428 2959 1442 2980 ⁵
1465 2964 1497 3004 3,
1523 2966 1575 2997 47.
1606 2966 1633 2996 1.
1682 2965 1752 2997 Liv.
1780 2965 1904 2998 21.31.

272 3015 287 3036 ⁶
315 3019 347 3059 3,
371 3020 425 3051 49.
452 3020 481 3049 5.
534 3015 547 3036 ²
572 3019 603 3060 3,
629 3020 683 3050 50.
712 3021 739 3050 1.
