2168 3278
1096 132 1154 177 48

641 334 687 362 e.
733 326 813 362 De
838 326 1021 370 quinta
1045 325 1254 372 Polybfl
1277 326 1599 373 paeninsula.

418 427 482 470 De
511 427 664 482 quinta
693 427 964 482 paeninsula,
994 442 1105 483 quae
1135 429 1193 473 ad
1222 431 1458 486 Bosporum
1490 423 1763 472 Cimmerium
1799 434 1842 472 et
1879 429 1935 471 ad

304 493 459 537 ostium
490 493 672 538 Maeotis
698 494 920 552 procurrit,
951 508 1005 539 ex
1028 495 1196 553 Polybii
1219 495 1341 544 libris
1360 496 1465 541 nihil
1483 495 1680 551 traditur,
1711 495 1793 540 nisi
1821 495 1935 540 urbis

304 561 554 605 Chersonesi
605 563 840 606 incolarum
886 577 1043 607 nomen
1086 564 1432 623 (Χερρονησῖται).
1450 569 1464 592 ¹
1536 578 1564 607 a
1606 564 1744 607 Tanai
1791 569 1935 606 autem

302 629 615 686 septentriones
645 642 795 675 versus
826 630 1049 676 interiores
1075 635 1215 677 terrae
1245 639 1391 689 partes
1416 633 1507 690 jam
1540 631 1699 677 arctico
1715 630 1935 686 subjectae

303 702 412 739 sunt.
467 697 655 753 Scythae
673 700 690 724 ⁹
718 698 830 740 hanc
861 704 1018 742 terram
1039 700 1244 755 incolunt,
1274 701 1344 755 qui
1366 701 1409 743 in
1433 700 1584 743 eadem
1612 699 1792 742 infamia
1823 703 1935 752 sunt,

303 778 389 818 qua
420 765 536 809 Galli
574 765 771 821 (Σκυθῶν
800 765 903 822 ἔργα
930 768 999 809 καὶ
1038 768 1265 823 Ῑὶκλατιῦν).
1315 768 1484 824 Scythis
1514 768 1558 809 in
1585 768 1691 810 Asia
1719 767 1935 810 Nomades

306 836 406 874 sunt
436 832 678 889 propinqui.

1086 1238 1160 1303 V.

972 1410 1257 1480 Asia.

416 1571 450 1612 1.
510 1568 616 1612 Asia
633 1570 651 1595 ³
681 1581 776 1611 cum
801 1568 948 1611 Africa
974 1567 1298 1612 meridionalem
1328 1573 1493 1626 partem
1513 1573 1687 1614 nostrae
1712 1570 1932 1619 habitatae

297 1643 439 1680 terrae
466 1635 615 1691 implet
644 1641 687 1678 et
715 1649 743 1678 a
780 1637 922 1679 Tanai
955 1636 1099 1692 fluvio,
1145 1637 1216 1690 qui
1252 1650 1306 1679 ex
1349 1636 1512 1680 oriente
1542 1638 1706 1680 aestivo
1737 1639 1792 1680 ad
1823 1639 1931 1680 occi-

298 1705 469 1750 dentem
499 1703 719 1748 hibernum
745 1703 852 1759 fluit,
894 1717 1028 1759 usque
1061 1703 1119 1748 ad
1150 1703 1294 1748 Nilum
1319 1704 1517 1760 pertinet.
1566 1705 1703 1749 altera
1727 1706 1859 1749 Asiae
1890 1710 1932 1750 et

299 1774 472 1818 Africae
498 1773 745 1828 conjunctio
772 1773 953 1816 fortasse
983 1787 1011 1815 a
1037 1773 1217 1817 meridie
1248 1772 1451 1816 australis
1482 1774 1612 1817 maris
1643 1775 1759 1830 apud
1787 1774 1930 1818 Aethi-

297 1855 401 1897 opes
430 1846 507 1894 est,
537 1841 616 1884 sed
644 1841 754 1883 hanc
783 1842 828 1883 in
857 1841 986 1883 dubio
1018 1841 1221 1897 Polybius
1248 1840 1459 1894 relinquit.

409 1911 561 1961 Totam
603 1913 747 1951 autem
788 1909 936 1951 Asiam
984 1909 1254 1962 antiquitatis
1300 1908 1536 1963 geographi
1589 1908 1633 1949 in
1673 1909 1783 1952 duas
1824 1910 1930 1952 divi-

297 1977 458 2019 debant
473 1979 632 2031 partes,
660 1988 839 2030 quarum
858 1988 946 2018 una
969 1975 1074 2018 Asia
1091 1975 1153 2019 cis
1177 1977 1375 2028 Taurum,
1404 1975 1540 2017 altera
1561 1975 1667 2017 Asia
1681 1979 1802 2018 trans
1817 1977 1930 2019 Tau·

296 2057 388 2086 rum
419 2042 733 2095 nominabatur,
763 2055 859 2084 cum
889 2044 1079 2085 Taurum
1110 2046 1296 2084 montem
1328 2055 1354 2084 a
1383 2041 1492 2083 mari
1523 2042 1688 2084 interno
1723 2045 1928 2086 orientem

295 2123 443 2153 versus
487 2122 622 2163 usque
653 2109 708 2151 ad
739 2109 899 2151 Thinas
942 2123 989 2152 se
1019 2109 1250 2152 extendere
1294 2113 1505 2163 putarent,
1549 2108 1593 2150 in
1624 2109 1926 2163 aequinoctiali

293 2190 370 2232 per
399 2177 622 2220 columnas
648 2177 845 2220 Herculis
876 2182 919 2220 et
948 2177 1144 2220 Rhodum
1184 2177 1324 2220 ducta.
1379 2177 1578 2230 singulae
1619 2181 1761 2219 autem
1805 2178 1929 2233 hujus

294 2245 424 2288 Tauri
455 2251 600 2299 partes
628 2243 811 2299 singulis
840 2245 1084 2289 nominibus
1114 2244 1501 2299 distinguebantur.

407 2313 612 2368 Polybius
645 2325 812 2366 quoque
843 2314 969 2356 Tauri
997 2313 1256 2355 mentionem
1289 2312 1396 2354 facit
1425 2311 1470 2352 in
1499 2311 1644 2353 Media
1672 2317 1714 2354 et
1752 2312 1795 2355 in
1822 2313 1924 2356 Par-

292 2381 397 2434 thia,
411 2384 427 2408 4
476 2380 591 2434 quod
621 2384 873 2433 argumento
904 2394 999 2423 esse
1026 2385 1179 2435 potest,
1208 2394 1262 2421 ex
1292 2393 1376 2432 quo
1414 2384 1605 2432 apparet,
1644 2379 1772 2421 etiam
1803 2380 1925 2434 Poly-

293 2448 423 2501 bium,
456 2447 527 2501 qui
558 2445 834 2488 Eratostheni
862 2446 928 2488 his
953 2446 997 2488 in
1025 2445 1271 2500 regionibus
1292 2457 1504 2487 summam
1524 2443 1651 2487 fidem
1681 2444 1895 2502 tribueret,
1910 2449 1927 2476 ⁵

292 2517 483 2559 Taurum
529 2514 572 2556 in
616 2513 799 2557 eandem
845 2525 1091 2568 procurrere
1137 2512 1355 2566 regionem
1405 2517 1593 2568 putasse.
1658 2512 1927 2568 Hipparchus

206 2581 210 2585 ’
291 2587 437 2626 autem
465 2583 628 2638 primus
658 2580 712 2623 de
745 2579 1042 2623 Eratosthenis
1082 2579 1284 2634 opinione
1327 2579 1541 2623 decedens
1568 2579 1754 2621 Taurum
1785 2581 1926 2636 magis

290 2651 348 2694 ad
370 2651 575 2693 orientem
600 2648 814 2691 aestivum
848 2661 894 2691 se
926 2647 1157 2690 extendere
1184 2648 1402 2691 censebat.

405 2713 558 2771 Itaque
587 2717 633 2758 in
661 2715 741 2758 hac
768 2715 901 2758 Asiae
933 2715 1145 2757 divisione
1173 2719 1338 2757 veteres
1368 2714 1608 2769 geographi
1636 2727 1721 2756 non
1750 2728 1924 2759 consen-

289 2786 467 2839 tiebant,
494 2798 592 2828 cum
622 2783 699 2826 alii
723 2783 835 2826 alias
864 2787 1000 2826 terras
1029 2782 1155 2825 modo
1188 2782 1249 2825 cis
1281 2783 1481 2836 Taurum,
1511 2782 1637 2824 modo
1668 2787 1786 2826 trans
1811 2786 1925 2828 Tau-

289 2868 383 2898 rum
407 2853 514 2899 sitas
538 2864 634 2896 esse
664 2851 869 2906 dicerent,
908 2854 956 2894 ut
985 2853 1077 2894 tota
1117 2849 1272 2894 divisio
1309 2849 1475 2893 incerta
1510 2849 1640 2894 fieret.
1655 2853 1669 2873 ⁰
1719 2852 1925 2908 Polybius

387 2999 395 3020 ¹
421 3002 476 3043 25,
502 3004 533 3035 ⁶2,
565 3003 613 3035 13.
676 2998 693 3020 ¹
716 3005 748 3042 Δ,
773 3003 825 3032 43.
853 3003 883 3033 2.
944 3003 976 3041 9,
1012 3001 1066 3034 34,
1107 3001 1156 3031 ιι.
1223 2998 1237 3017 ⁸
1262 3001 1294 3040 3,
1320 3002 1373 3032 37.
1439 2997 1454 3018 ⁴
1484 3003 1533 3041 10,
1559 3001 1614 3034 28.
1677 2998 1691 3019 ⁵
1714 3001 1819 3032 strab.
1847 3002 1923 3035 389,

290 3056 306 3077 ⁸
329 3059 370 3091 ef.
395 3059 505 3090 Sti-ab.
525 3059 603 3091 492.
631 3058 710 3088 522.
