2168 3278
1017 88 1090 139 ‘59

232 225 359 278 ¹tum
378 232 561 280 magnus
599 220 719 266 sinus
747 224 814 266 est
847 217 933 265 616
974 218 1033 264 M.
1066 231 1123 276 p.,
1164 218 1307 275 quia·
1323 218 1542 264 Surrentio
1583 215 1874 276 proaemio

252 289 420 334 montis.
439 289 574 333 Barce
595 289 671 333 ad.
693 286 955 343 Hesperium
974 286 1315 343 *promontorium
1326 320 1330 321 γ
1341 286 1549 346 pertinet,
1586 285 1714 340 cuim
1749 287 1874 335 ew

250 356 445 400 ordinem
471 357 630 415 mentio
652 356 713 410 fit,
746 367 853 398 ‘cum
882 367 910 397 a
930 354 1083 398 Theon-
1099 353 1328 401 oehemto.
1347 352 1511 399 Plinius
1538 356 1653 400 retro.
1679 351 1740 395 ad
1767 351 1873 397 Hes-

250 423 426 484 perium*
443 423 775 479 promontorium
801 422 948 466 decem
975 421 1143 466 diem
1159 420 1432 476 noctiumque
1451 417 1876 471 intervallumdieet.

251 491 512 537 Surrentium
553 495 626 541 (ex
664 491 709 535 Ο.
740 488 935 534 Muelleri
971 489 1219 546 conjectura
1257 489 1532 543 Soloentium‚
1560 487 1620 532 ad
1647 485 1874 536 amonis

153 590 170 595 »
250 559 399 616 peripl.
416 562 443 613 ξ
469 559 533 617 9.)
563 557 796 604 Ptolemaei
825 556 1077 615 Rysadium‚
1093 560 1109 586 ¹
1136 557 1184 601 id
1210 556 1545 614 promontorium
1571 568 1670 605 esse
1685 558 1873 612 putatur,

251 628 366 681 quod
395 627 521 670 hodie
550 641 633 683 cap
661 627 797 671 Blanc
825 626 1082 680 nominatur,
1111 625 1367 683 Hesperium
1388 629 1531 669 autem
1558 624 1616 678 id,
1645 623 1760 679 quod
1781 622 1874 679 Gap

251 695 354 737 Vert
377 694 542 749 dieitur,
578 708 674 738 cum
698 694 810 738 inter
842 706 899 737 ea
927 692 1113 748 quinque
1141 693 1305 739 milium
1335 691 1574 739 stadiorum
1601 690 1871 744 intervallum

250 761 320 816 sit,
349 762 462 816 quod
488 775 583 805 cum
601 761 767 818 Polybii
787 761 916 816 4928,
940 760 1166 805 Hannonis
1184 762 1202 788 ²
1231 759 1455 805 duodecim
1474 758 1625 804 diebus
1647 757 1871 807 comentit.

251 828 518 873 Ptolemaeus
533 831 550 857 ³
584 829 768 873 eundem
810 828 952 872 sinum
995 828 1235 884 hesperium
1278 831 1417 881 vocat,
1464 839 1590 881 quem
1630 839 1659 870 a
1695 823 1873 869 meridie

251 894 424 952 ἑσπέρου
467 899 599 952 κέρας’
629 894 755 952 ἄκρον
784 895 890 938 finit.
947 909 1048 939 nam
1085 896 1138 949 ei,
1184 900 1232 939 ut
1271 893 1449 951 Polybio
1490 893 1727 947 ceterisque
1763 891 1873 945 aliis,

251 964 476 1009 Hannonis
503 968 665 1021 κέρατα,
679 966 694 988 ⁴
722 963 876 1018 quibus
904 963 1024 1010 sinus
1050 963 1280 1019 signifieat,
1308 961 1599 1019 promontoria
1621 965 1732 1005 sunt

363 1031 402 1075 9.
459 1032 554 1075 Hae
583 1032 628 1075 in
651 1031 826 1092 regione
848 1031 933 1074 duo
960 1030 1140 1075 flumina
1157 1031 1443 1085 nominantur,
1472 1041 1652 1084 quorum
1677 1027 1736 1082 id,
1756 1026 1872 1083 quod

249 1100 389 1155 magis
429 1100 485 1143 ad
531 1098 752 1143 meridiem
790 1112 938 1143 versus
979 1099 1106 1143 situm
1146 1105 1223 1153 est,
1270 1099 1505 1142 Bambotus
1542 1097 1710 1150 dicitur,
1755 1094 1872 1150 quod

250 1167 409 1211 flumen
435 1165 657 1211 crocodilis
683 1170 725 1209 et
754 1165 1071 1222 hippopotamis
1100 1167 1302 1212 refertum
1329 1165 1461 1210 fuisse
1490 1163 1684 1209 traditur.
1714 1175 1870 1207 nomen

250 1235 344 1290 ejus
373 1234 607 1277 Boehartus
635 1234 889 1277 Bamothum
931 1235 1049 1291 legit,
1093 1247 1205 1289 quae
1247 1247 1333 1277 vox
1359 1234 1710 1289 hippopotamum
1738 1231 1871 1287 signi-

248 1302 359 1345 fieat.
405 1302 535 1345 etiam
563 1301 731 1356 Hanno,
746 1302 761 1326 ⁵
790 1301 863 1356 qui
891 1301 1054 1346 nullum
1081 1315 1235 1345 nomen
1266 1302 1400 1361 affert,
1432 1313 1637 1355 magnum
1667 1303 1710 1343 et
1737 1298 1870 1342 latum

248 1369 421 1413 fluvium
442 1368 523 1412 hac
541 1369 587 1412 in
602 1369 779 1424 regione
808 1382 902 1413 esse
927 1369 1044 1427 dicit,
1073 1370 1380 1414 crocodilorum
1404 1373 1448 1413 et
1476 1368 1869 1425 hippopotamorum

248 1438 432 1494 plenum,
462 1438 732 1481 Ptolemaeus
747 1440 764 1466 ⁶
807 1442 950 1480 autem
977 1438 1102 1481 Niam
1132 1437 1314 1480 eundem
1352 1437 1527 1480 fluvium
1557 1435 1751 1479 nominat
1775 1435 1870 1490 (ho-

249 1506 419 1549 diernus
447 1505 634 1561 Senegal
661 1505 848 1557 fluvius).
894 1506 979 1549 situ
1004 1506 1146 1550 autem
1171 1506 1264 1562 ejus
1286 1505 1516 1550 constituto
1538 1504 1668 1549 etiam
1693 1503 1869 1548 alterius

250 1573 435 1616 fluminis
464 1573 571 1615 situs
601 1577 643 1615 et
663 1583 819 1615 nomen
834 1573 1014 1617 inveniri
1038 1575 1186 1629 potuit,
1217 1573 1331 1628 quod
1357 1573 1527 1616 Salsum
1556 1572 1719 1615 Plinius
1742 1576 1869 1615 vocat

253 1642 358 1696 (var.
405 1640 498 1684 lect.
538 1641 748 1701 Palsum).
809 1640 922 1685 idem
963 1642 1186 1686 Hannonis
1201 1644 1216 1671 ⁷
1258 1642 1432 1686 Chretes
1475 1645 1553 1695 est,
1595 1639 1836 1685 Aristotelis
1853 1641 1869 1666 Β

249 1708 502 1762 Chremetes,
541 1708 773 1751 Ptolemaei
790 1710 806 1736 ⁹
856 1709 1087 1753 Staehirus.
1155 1709 1351 1754 hodierni
1384 1709 1430 1752 id
1463 1709 1619 1752 flumen
1657 1709 1718 1753 St.
1757 1709 1869 1753 Jean

250 1776 485 1819 nominant.
543 1775 657 1818 ultra
680 1775 795 1830 quod
823 1776 1057 1832 Aethiopas
1086 1776 1284 1821 Perorsos
1307 1782 1350 1820 et
1381 1790 1409 1820 a
1440 1781 1561 1830 tergo
1591 1789 1736 1820 eorum
1763 1775 1869 1820 Pha-

248 1843 605 1888 rusios-habitare
644 1842 807 1886 Plinius
835 1844 980 1898 tradit,
1011 1844 1165 1898 quibus
1195 1844 1497 1888 mediterranei
1524 1843 1699 1888 Gaetuli
1725 1844 1870 1887 Darae

242 1911 494 1966 jungantur,
525 1910 570 1952 in
599 1923 674 1952 ora
701 1909 894 1955 habitare
918 1910 1153 1967 Aethiopas
1180 1911 1414 1955 Daratitas.
1444 1925 1472 1954 a
1489 1903 1697 1954 Bamboto
1725 1915 1869 1955 autem

248 1982 412 2021 montes
442 1990 536 2020 esse
561 1982 788 2033 perpetuos
812 1993 946 2033 usque
981 1979 1039 2022 ad
1064 1992 1172 2033 eum,
1201 1979 1274 2033 qui
1303 1978 1453 2023 Theon
1480 1979 1659 2023 ochema
1687 1978 1867 2033 dicatur,

250 2046 362 2089 unde
391 2045 449 2088 ad
474 2046 729 2100 Hesperium
754 2046 1085 2102 promontorium
1108 2050 1220 2089 retro
1244 2046 1392 2089 decem
1412 2046 1574 2090 dierum
1597 2046 1869 2100 noctiumque

249 2112 303 2156 sit
331 2111 565 2167 navigatio.
595 2113 751 2172 Hanno
779 2117 923 2156 autem
944 2127 969 2156 a
997 2112 1169 2167 magnis
1192 2113 1406 2157 montibus
1431 2113 1601 2157 silvosis
1621 2114 1870 2170 (Cap.Vert)

248 2183 408 2235 septem
440 2179 532 2222 dies
561 2179 620 2222 ad
648 2169 787 2224 sinum
817 2177 1015 2237 Ἑσπέρου
1039 2183 1161 2234 κέρας
1185 2185 1392 2236 numerat,
1421 2180 1521 2224 inde
1550 2185 1751 2235 quattuor
1774 2180 1867 2224 dies

249 2247 306 2290 ad
336 2246 484 2290 Theon
511 2246 700 2290 ochema.
739 2248 807 2292 hie
835 2261 969 2303 mons,
1000 2248 1074 2303 qui
1105 2261 1159 2291 ex
1185 2248 1381 2291 Rennelii
1410 2247 1611 2305 opinione
1637 2247 1865 2291 hodiernus

248 2328 369 2358 mons
395 2316 552 2370 Sagres
579 2321 656 2370 est,
683 2316 852 2373 Polybii
884 2316 1038 2372 peripli
1066 2316 1163 2360 finis
1176 2321 1276 2371 .est‚
1314 2317 1471 2361 Hanno
1501 2321 1641 2360 autem
1663 2316 1765 2361 inde
1792 2329 1869 2372 per

248 2387 333 2427 tres
363 2381 455 2425 dies
486 2383 543 2426 ad
569 2384 709 2427 sinum
739 2384 838 2428 Noti
862 2397 982 2428 ceras
1011 2396 1261 2441 progressus
1286 2388 1362 2428 est.

361 2450 426 2493 10.
485 2450 537 2493 In
567 2451 706 2495 medio
736 2466 786 2495 eo
815 2452 969 2508 spatio,
1011 2452 1126 2507 quod
1163 2455 1227 2495 est
1255 2452 1366 2495 inter
1391 2452 1644 2508 Hesperium
1674 2465 1868 2508 promon-

247 2517 400 2561 torium
424 2521 467 2560 et
493 2517 643 2561 Theon
666 2518 857 2574 ochema5
884 2519 1087 2576 Polybius
1106 2519 1322 2562 Atlantem
1351 2520 1511 2564 locavit
1540 2534 1567 2563 a
1602 2520 1755 2564 ceteris
1783 2533 1869 2563 om-

244 2586 369 2629 nibus
396 2585 442 2627 in
457 2588 649 2629 extrema
672 2587 934 2631 Mauritania
953 2587 1152 2643 positum,
1179 2586 1293 2643 quod
1312 2588 1443 2632 etiam
1459 2588 1727 2632 Ptolemaeus
1749 2587 1867 2641 facit,

246 2653 318 2709 qui
343 2652 448 2697 duos
478 2652 649 2707 quidem
677 2655 872 2700 Atlantes
908 2668 1002 2700 esse
1040 2660 1177 2713 putat,
1216 2654 1421 2700 minorem
1461 2660 1504 2700 et
1540 2655 1759 2712 majorem,
1789 2655 1866 2700 sed

244 2725 466 2776 utrumque
491 2720 537 2763 in
559 2721 822 2766 Mauritania
851 2723 982 2780 ponit.
1030 2723 1205 2767 Cernen>
1223 2727 1366 2766 autem
1397 2723 1583 2768 insulam
1612 2727 1761 2767 contra
1797 2725 1867 2766 At-

241 2789 400 2834 lantem
429 2787 556 2833 sitam
577 2793 673 2834 octo
701 2791 847 2836 stadia
872 2805 900 2836 a
931 2796 1044 2836 terra
1067 2791 1219 2836 abesse
1237 2790 1440 2848 Polybius
1462 2791 1660 2849 prodidit.
1677 2791 1715 2820 ¹⁰
1743 2791 1866 2836 Atlas

342 2950 350 2968 ¹
374 2950 459 2982 Ptol.
485 2951 519 2992 4,
543 2951 573 2982 6.
599 2961 630 2991 p.
656 2953 733 2986 292,
771 2950 787 2970 ‘²
813 2954 932 2984 Hanno
960 2955 1013 2985 ll.
1048 2950 1062 2971 ³
1087 2954 1174 2987 Ptol.
1200 2953 1278 2984 292.
1303 2954 1335 2984 6.
1383 2950 1398 2971 ⁴
1421 2954 1507 2985 Hm.
1537 2955 1590 2993 14,
1618 2954 1667 2986 17.
1718 2950 1733 2971 ⁵
1755 2953 1870 2985 ld.10.

244 3004 260 3026 ⁶
283 3006 372 3040 Ptol.
397 3007 474 3038 292.
505 3007 555 3053 17.
605 3003 619 3025 '¹
642 3007 727 3039 Han.
754 3009 788 3041 9.
814 3006 829 3028 ⁸
853 3009 954 3042 Arist.
979 3009 1116 3042 Meteor.
1146 3011 1177 3052 1,
1204 3010 1256 3042 13.
1280 3005 1296 3028 ⁹
1319 3009 1407 3042 Ptol.
1430 3009 1506 3042 292.
1532 3010 1562 3042 8.
1594 3006 1624 3029 ¹⁰
1646 3010 1734 3044 Plin.
1759 3010 1793 3052 6,
1813 3010 1870 3043 36.
