2168 3278
1080 112 1137 163 42

295 232 452 279 Italiae
492 248 613 280 oram
653 235 904 280 orientalem
945 237 1001 280 ab
1030 231 1249 293 Japygi'ae
1277 239 1566 294 promontorio
1593 239 1652 283 ad
1684 239 1925 297 Aquilejam

294 316 370 346 sex
414 304 536 348 milia
570 309 741 348 centum
778 305 1009 360 sexaginta
1047 320 1123 350 sex
1159 305 1395 350 stadiorum
1423 307 1599 362 longam
1628 321 1722 352 esse
1748 312 1925 364 putasse

291 370 502 418 videatur.
555 372 712 416 Senam
742 376 885 416 autem
909 372 993 417 duo
1022 373 1143 417 milia
1169 374 1406 429 quingenta
1429 375 1666 420 stadiorum
1697 376 1753 421 ab
1776 376 1923 419 intimo

296 439 539 484 Hadriatici
569 440 699 483 maris
731 453 903 487 recessu
933 442 1086 485 abesse
1113 442 1202 484 alio
1229 442 1323 484 loco
1353 442 1470 496 dicit,
1488 445 1502 469 ¹
1530 447 1576 485 ut
1603 444 1639 485 si
1667 451 1783 487 recte
1810 444 1923 486 Sena

291 508 335 550 in
360 512 527 552 nostros
556 509 689 552 libros
718 514 894 563 recepta
922 515 999 565 est,
1028 510 1272 565 Aquilejam
1302 511 1357 554 ab
1387 511 1462 554 illo
1489 525 1658 554 recessu
1683 513 1780 566 plus
1807 513 1922 555 mille

291 575 436 618 stadia
458 576 612 621 abesse
634 577 872 633 putandum
898 577 964 621 sit.
1012 578 1127 632 quod
1155 577 1247 621 fieri
1274 577 1464 634 potuisse
1489 578 1687 634 equidem
1712 579 1825 623 haud
1851 592 1921 623 ne-

289 644 497 700 gaverim,
528 659 623 689 cum
653 646 784 689 etiam
820 660 847 689 a
878 646 1171 701 Peloponneso
1189 645 1386 701 Polybius
1414 646 1471 690 ad
1500 646 1682 690 eundem
1708 662 1920 699 recessum

291 710 405 756 8250
438 715 675 758 stadiorum
705 728 800 758 esse
822 715 952 757 dicat.

403 782 694 826 Latitudinem
721 782 874 825 Italiae
904 782 960 825 ab
983 782 1057 825 illo
1078 782 1184 837 loco,
1214 795 1294 836 quo
1322 782 1574 838 Apenninus
1604 796 1725 827 mons
1759 785 1919 839 incipit,

289 861 366 903 per
395 862 569 905 campos
609 850 790 905 gallicos
836 849 893 892 ad
938 863 1053 892 mare
1084 850 1381 894 Hadriaticum
1429 856 1627 904 quattuor
1667 865 1761 896 esse
1799 852 1918 894 milia

291 921 460 962 centum
492 918 726 962 stadiorum
757 922 892 973 putat.
909 920 925 943 2

401 986 441 1029 4.
500 986 663 1033 Eadem
695 987 873 1041 ratione,
903 1000 990 1040 qua
1020 985 1078 1029 ad
1114 990 1248 1030 totam
1278 988 1577 1042 paeninsulam
1605 1002 1734 1031 unum
1765 989 1918 1032 Italiae

287 1067 442 1098 nomen
474 1055 730 1111 transponit,
758 1060 924 1098 montes
962 1054 1109 1109 etia-m,
1153 1055 1224 1109 qui
1256 1069 1332 1112 per
1368 1056 1553 1098 mediam
1585 1057 1758 1099 Italiam
1785 1058 1917 1113 porri-

286 1127 457 1176 guntur,
484 1137 569 1167 uno
600 1124 790 1180 appellat
813 1124 997 1178 nomine,
1029 1136 1112 1178 quo
1144 1123 1223 1166 soli
1252 1124 1434 1179 Ligures
1462 1125 1701 1179 utebantur,
1735 1140 1829 1168 cum
1855 1140 1917 1169 re-

285 1191 391 1245 liqui
425 1193 581 1236 Italiae
610 1193 757 1248 populi
789 1192 920 1235 etiam
961 1196 1113 1247 postea
1146 1192 1328 1246 singulis
1356 1192 1571 1248 Apennini
1610 1194 1802 1248 partibus
1831 1195 1915 1236 sin-

286 1259 391 1313 gula
421 1261 599 1304 nomina
633 1260 786 1304 darent
828 1273 964 1313 neque
1006 1264 1142 1302 totum
1181 1260 1386 1302 montium
1417 1264 1601 1303 tractum
1631 1275 1715 1303 uno
1745 1263 1915 1305 nomine

284 1327 702 1383 comprehenderent.
732 1328 984 1383 Apenninus
1009 1327 1141 1381 igitur
1163 1341 1283 1371 mons
1299 1324 1347 1383 (ὁ
1371 1325 1657 1382 Ἀπεννῖνος,3
1686 1329 1737 1371 τοὶ
1762 1327 1913 1372 Ἀπεν-

284 1403 376 1437 νῖνα
395 1394 472 1452 ὄρη
487 1397 529 1451 4)
562 1396 790 1439 continuus
809 1409 886 1451 per
915 1395 1099 1438 mediam
1124 1396 1328 1438 Italiam⁵
1358 1409 1620 1451 procurrens,
1653 1397 1708 1439 ab
1737 1411 1787 1439 eo
1810 1399 1913 1451 loco,

284 1476 368 1517 quo
399 1477 533 1520 prope
564 1463 805 1507 Massiliam
836 1463 967 1518 Alpes
996 1463 1184 1518 attingit,
1217 1477 1350 1518 usque
1380 1463 1437 1506 ad
1465 1476 1583 1519 mare
1607 1464 1795 1507 Siculum
1821 1479 1912 1520 per-

283 1531 402 1586 tinet,
431 1536 477 1575 ut
505 1531 636 1575 etiam
665 1531 705 1575 ei
738 1536 902 1575 montes
933 1544 960 1573 a
990 1530 1166 1587 Polybio
1192 1532 1418 1588 Apennino
1442 1532 1784 1585 adnumerentur,
1807 1547 1912 1587 quos

281 1614 410 1656 super
440 1614 557 1652 mare
587 1600 795 1647 Sardoum
829 1601 933 1642 sitos
960 1600 1088 1655 Alpes
1119 1600 1358 1643 maritimas
1388 1600 1463 1642 alii
1494 1601 1727 1642 nominant.
1757 1603 1811 1643 ab
1838 1602 1912 1643 illo
1982 1623 1991 1631 -

281 1668 404 1711 initio
429 1668 679 1725 Apenninus
708 1669 911 1712 orientem
944 1680 1093 1711 versus
1123 1681 1170 1711 se
1202 1669 1402 1722 extendit,
1443 1669 1527 1712 tria
1557 1668 1677 1711 milia
1708 1673 1912 1713 sexcenta

281 1736 531 1790 stadiorum,
560 1741 603 1779 et
632 1751 659 1780 a
680 1737 858 1779 meridie
883 1749 1058 1791 campos
1089 1736 1304 1789 terminat,
1333 1736 1406 1790 qui
1436 1741 1535 1778 sunt
1565 1736 1680 1778 circa
1705 1737 1911 1779 Padum.6

280 1803 436 1848 deinde
462 1804 551 1847 fere
571 1805 806 1858 quingenta
829 1803 973 1847 stadia
996 1816 1022 1845 a
1044 1803 1152 1846 mari
1172 1803 1423 1846 Hadriatico
1450 1804 1618 1847 distans
1635 1804 1691 1846 ad
1716 1804 1911 1847 dextram

282 1886 329 1916 se
361 1873 488 1915 vertit
515 1886 541 1915 a
566 1873 747 1926 campis,
778 1872 852 1926 qui
883 1876 1055 1926 propter
1073 1871 1183 1913 hanc
1212 1885 1389 1914 causam
1412 1872 1493 1914 hac
1520 1871 1564 1914 in
1584 1871 1758 1926 regione
1780 1873 1909 1915 latius

279 1938 498 1984 meridiem
536 1953 684 1982 versus
724 1944 874 1995 patent
915 1952 1049 1992 usque
1091 1939 1146 1980 ad
1185 1938 1376 1981 Senam⁷
1418 1943 1494 1981 aut
1531 1939 1793 1993 Ariminum,
1837 1939 1908 1981 ubi

280 2007 422 2063 campi
454 2007 609 2051 Gallici
655 2021 750 2050 cum
789 2006 955 2061 reliqua
990 2006 1119 2049 Italia
1150 2006 1508 2062 conjunguntur.8
1555 2007 1806 2063 Apenninus
1833 2022 1910 2063 per

277 2080 412 2119 totam
451 2075 625 2118 Italiam
665 2088 812 2118 omnes
859 2075 1010 2118 fluvios
1049 2074 1257 2129 dirimit,⁹
1304 2080 1349 2117 ut
1389 2088 1536 2118 omncs
1582 2081 1659 2119 aut
1701 2075 1746 2118 in
1789 2089 1907 2118 mare

277 2145 503 2187 Etruscum
534 2143 729 2196 influant,
771 2148 846 2187 aut
884 2143 927 2185 in
957 2142 1268 2196 Hadriaticum,
1307 2144 1397 2187 solo
1432 2145 1583 2187 Aufido
1613 2148 1803 2198 excepto,
1833 2144 1907 2198 qui

276 2211 318 2253 in
352 2225 404 2255 ea
429 2211 645 2267 Apennini
672 2216 805 2267 parte,
837 2224 946 2265 quae
981 2210 1039 2253 ad
1066 2223 1185 2253 mare
1210 2211 1436 2254 Etruscum
1463 2216 1641 2267 spectat,
1672 2215 1801 2267 ortus,
1832 2225 1907 2268 per

275 2280 545 2335 Apenninum
577 2280 746 2334 perfluit
773 2285 816 2322 et
844 2280 888 2321 in
911 2278 1122 2323 Hadriam
1153 2291 1199 2320 se
1228 2279 1430 2324 immittit.

389 2347 428 2390 ἴ).
487 2348 605 2390 Inter
648 2347 759 2390 hunc
800 2346 1072 2402 Apenninum
1114 2351 1155 2388 et
1194 2347 1328 2400 Alpes
1372 2346 1412 2389 ei
1453 2350 1603 2401 patent
1649 2347 1789 2403 campi
1837 2348 1905 2401 (τοὶ

277 2415 479 2471 γαλατικά
510 2415 664 2469 πεδία),
681 2418 718 2442 ¹0
748 2415 820 2468 qui
845 2414 976 2458 totius
1004 2414 1161 2457 Italiae
1191 2416 1368 2458 extremi
1408 2414 1718 2469 septentriones
1757 2428 1904 2460 versus

275 2483 347 2525 siti
392 2487 504 2536 sunt,
549 2482 770 2524 fertilitate
818 2486 960 2524 autem
1008 2486 1050 2522 et
1082 2482 1382 2536 magnitudine
1427 2482 1623 2524 omnibus
1668 2484 1904 2538 Europaeis

273 2556 510 2606 praestant,
541 2564 647 2604 quos
678 2550 850 2603 quidem
882 2549 1086 2604 Polybius
1117 2550 1333 2603 cognovit.
1388 2550 1463 2593 Eis
1494 2564 1662 2604 quoque
1697 2551 1903 2606 trianguli

272 2619 455 2673 figuram
499 2630 595 2660 esse
640 2617 840 2670 affirmat,
888 2616 1009 2671 quus
1051 2629 1254 2659 cacumen
1297 2630 1424 2672 super
1460 2630 1578 2661 mare
1608 2618 1817 2662 Sardoum
1847 2619 1903 2662 sit

273 2698 406 2741 prope
435 2684 689 2737 Massiliam,
735 2684 806 2727 ubi
852 2683 1103 2739 Apenninus
1149 2688 1191 2726 et
1230 2684 1359 2740 Alpes
1403 2685 1730 2740 conjungantur.
1788 2686 1902 2730 latus

272 2758 415 2797 autem
459 2753 554 2808 ejus
596 2752 943 2808 septentrionale,
984 2751 1068 2794 duo
1094 2751 1213 2794 milia
1241 2752 1426 2795 ducenta
1455 2752 1688 2796 stadiorum
1713 2754 1901 2809 longum,

365 2934 373 2954 ¹
400 2938 432 2977 2,
462 2939 512 2968 14.
541 2939 590 2970 11.
642 2938 726 2967 Sena
752 2948 791 2968 ex
819 2937 957 2969 Cluveri
983 2939 1070 2976 conj.
1118 2934 1134 2955 ²
1159 2938 1189 2977 2,
1219 2939 1268 2969 14.
1298 2939 1347 2969 10.
1400 2933 1413 2954 ³
1436 2937 1468 2976 2,
1491 2938 1540 2966 14.
1570 2938 1621 2969 10,
1670 2934 1684 2954 ⁴
1708 2938 1763 2978 33,
1793 2939 1842 2967 11.
1871 2939 1899 2971 l,

272 2991 341 3034 ⁵3,
386 2996 459 3024 110.
495 2994 524 3025 9,
598 2991 613 3011 ⁶
638 2995 669 3034 2,
714 2995 763 3024 14.
804 2996 852 3026 10.
926 2992 939 3012 ⁷
965 2995 996 3034 2,
1030 2995 1077 3023 m,
1152 2995 1183 3034 3,
1223 2995 1275 3023 86.
1310 2993 1342 3023 2.
1416 2990 1430 3009 Β
1455 2994 1486 3033 3,
1520 2994 1572 3025 61.
1647 2989 1718 3033 ⁹3,
1760 2995 1833 3026 110.
1867 2994 1897 3023 9.

273 3047 302 3070 ¹⁶
326 3051 358 3091 2,
387 3051 437 3080 14.
464 3052 493 3081 7.
