2168 3278
972 109 1028 154 47

188 250 312 292 quem
341 248 561 279 numerum
592 235 884 280 Artemidorus
913 239 1067 292 postea
1092 235 1149 279 ad
1180 247 1259 278 sex
1275 234 1408 279 milia
1437 236 1674 291 quingenta
1702 248 1814 279 com-

189 305 352 347 minuit.
410 308 511 347 ante
541 303 763 359 Polybium
792 309 936 348 autem
983 302 1114 347 etiam
1161 304 1365 359 maJ'orem
1412 316 1632 347 numerum
1661 304 1815 348 Dicae-

189 372 341 416 archus
360 377 372 400 ¹
401 372 563 426 habuit,
592 372 663 427 qui
688 372 784 428 jam
811 373 866 416 ab
895 372 993 427 ipsa
1016 371 1309 428 Peloponneso
1328 371 1384 414 ad
1404 370 1601 414 intimum
1623 371 1816 415 Hadriae

187 452 401 483 recessum
433 440 580 482 decem
618 453 713 483 esse
752 440 874 483 milia
911 438 1149 482 stadiorum
1176 440 1358 494 putavit.
1411 439 1595 482 eundem
1621 439 1812 482 occiden-

187 506 289 550 talis
318 519 419 549 orae
443 510 639 562 tractum,
669 508 742 562 qui
769 512 836 550 est
860 521 888 550 a
915 507 1210 562 Peloponneso
1240 507 1298 557 ad
1327 520 1430 549 orae
1457 507 1660 562 Illyricae
1684 506 1813 548 finem

188 575 393 629 Polybius
425 580 519 616 octo
549 577 670 617 milia
695 576 881 617 ducenta
924 574 1242 628 quinquaginta
1270 575 1506 618 stadiorum
1544 588 1639 618 esse
1666 574 1813 627 tradit,

187 655 364 696 quorum
397 642 671 698 septingenta
700 645 896 686 numerat
911 654 939 685 a
955 641 1249 699 Peloponneso
1277 642 1335 686 ad
1349 642 1605 697 Leucadem,
1634 640 1811 685 totidem

187 709 287 752 inde
318 710 374 752 ad
405 711 647 767 Corcyram,
688 711 865 754 totidem
908 724 936 752 a
971 710 1161 766 Corcyra
1203 710 1260 752 ad
1306 715 1472 753 montes
1505 709 1739 753 Ceraunios
1769 715 1813 752 et

187 778 289 822 inde
318 792 394 822 sex
423 779 545 822 milia
575 783 742 822 centum
772 778 1089 833 quinquaginta
1118 778 1175 821 ad
1200 779 1325 822 finem
1354 792 1454 823 orae
1485 777 1698 835 Illyricae.

299 846 338 889 3.
397 847 462 890 Dc
491 846 721 890 latitudine
756 846 887 889 totius
924 850 1075 900 terrac,
1106 859 1215 901 quae
1243 852 1308 890 est
1333 846 1444 890 inter
1470 846 1742 901 Apolloniam
1769 851 1813 888 et

187 915 442 969 Byzantium
472 916 569 958 viae
600 916 816 969 Egnatiae
846 914 1082 957 miliaribus
1120 915 1351 962 instructus
1381 920 1487 969 erat,
1516 928 1628 969 quae
1650 915 1722 957 via
1753 913 1811 956 ad

186 981 374 1038 Cypsela
407 987 449 1025 et
488 983 545 1026 ad
578 983 766 1027 Hebrum
799 982 975 1027 fluvium
1006 981 1201 1025 ducebat.
1220 984 1236 1009 2
1292 983 1347 1026 ab
1383 982 1614 1039 Apollonia
1643 982 1700 1025 ad
1726 983 1809 1038 By-

183 1050 371 1092 zantium
399 1049 512 1093 7320
533 1051 769 1093 stadiorum
794 1063 890 1093 esse
916 1050 991 1092 alii
1018 1054 1288 1104 putaverant,
1312 1052 1381 1093 cui
1410 1064 1585 1093 numero
1606 1050 1810 1106 Polybius

184 1119 272 1161 alia
297 1124 466 1161 centum
489 1120 710 1174 octoginta
739 1119 884 1162 stadia
914 1118 1087 1173 adjecit,
1104 1121 1120 1146 ³
1149 1132 1245 1161 cum
1274 1119 1319 1162 in
1348 1119 1446 1163 viae
1462 1118 1680 1174 Egnatiae
1702 1117 1809 1162 mili-

181 1185 259 1228 bus
292 1184 498 1229 Romanis
537 1185 837 1242 computandis
866 1185 1037 1229 tertiam
1080 1185 1211 1228 stadii
1253 1191 1418 1242 partem
1458 1187 1623 1230 octonis
1652 1186 1807 1229 stadiis

181 1253 371 1305 adderet,
418 1258 464 1295 ut
506 1254 621 1297 7500
660 1255 897 1298 stadiorum
928 1254 1205 1295 efficerentur.
1265 1254 1507 1296 accuratius
1536 1254 1690 1297 Strabo
1722 1254 1807 1296 alio

179 1322 273 1364 loco
304 1321 530 1376 Polybium
563 1320 645 1364 178
674 1322 818 1365 stadia
844 1320 1057 1377 adJecisse
1085 1319 1230 1375 tradit,
1269 1334 1368 1363 nam
1399 1321 1472 1364 via
1504 1320 1692 1375 lssgnatia
1724 1319 1807 1364 535

179 1388 299 1431 milia
329 1389 462 1443 longa
489 1393 595 1443 erat,
624 1390 745 1443 quus
773 1389 937 1433 numeri
960 1387 1129 1432 tertiam
1155 1391 1322 1443 partem
1354 1388 1556 1444 Polybius
1586 1387 1700 1431 4280
1722 1392 1808 1430 sta-

179 1458 358 1511 diorum,
404 1448 515 1510 quae
559 1457 635 1500 alii
680 1460 1043 1512 computaverant,
1088 1454 1270 1511 addidit,
1312 1459 1359 1499 ut
1397 1456 1452 1499 ab
1482 1456 1714 1513 Apollonia
1744 1456 1801 1501 ad

178 1524 367 1580 Cypsela
395 1527 439 1567 et
468 1523 526 1566 ad
556 1523 743 1567 Hebrum
771 1524 884 1568 4458
913 1524 1151 1567 stadiorum
1178 1524 1234 1566 ab
1265 1535 1315 1565 eo
1344 1528 1682 1566 numerarentur.

290 1592 372 1642 Qui
417 1591 647 1646 Apollonia
685 1596 729 1634 et
772 1592 1013 1646 Epidamno
1058 1591 1237 1646 profecti
1279 1592 1325 1633 in
1373 1591 1454 1633 hac
1502 1593 1575 1635 via
1614 1592 1806 1646 Egnatia

176 1661 257 1704 iter
286 1660 462 1711 faciunt,
489 1671 543 1701 ex
560 1671 698 1712 aequo
712 1659 941 1703 intervallo
964 1660 1010 1702 in
1031 1660 1214 1703 eandem
1238 1658 1507 1715 conveniunt,
1536 1672 1647 1714 quae
1669 1658 1806 1715 primo

178 1726 235 1770 ad
261 1724 530 1770 Candaviam
558 1725 734 1781 Illyriae
774 1730 960 1770 montem
1002 1726 1130 1781 ducit,
1176 1739 1250 1783 per
1291 1726 1417 1769 urbes
1456 1726 1722 1782 Lychnidum
1764 1732 1807 1768 ct

175 1795 355 1850 Pylona,
386 1794 457 1847 qui
489 1794 608 1836 locus
638 1794 831 1849 Illyriam
859 1799 902 1837 et
932 1795 1232 1838 Macedoniam
1264 1796 1477 1837 terminat.
1507 1794 1609 1837 inde
1631 1794 1703 1838 via
1731 1808 1806 1850 per

178 1862 425 1916 Barmunta,
455 1860 722 1915 Heracleam,
751 1875 829 1917 per
856 1863 1106 1918 Lyncestos,
1134 1861 1311 1916 Eordos,
1340 1861 1550 1906 Edessam
1573 1865 1616 1905 et
1643 1861 1803 1906 Pellam

175 1929 317 1983 ducit,
335 1933 377 1973 et
403 1929 504 1972 inde
535 1942 670 1983 usque
701 1931 759 1973 ad
786 1930 1177 1984 Thessaloniccam,
1207 1943 1318 1984 quae
1339 1931 1441 1974 urbs
1473 1930 1657 1974 ducenta
1679 1943 1803 1974 sexa-

174 1997 297 2052 ginta
324 2002 488 2052 septem
521 1997 641 2040 milia
673 1997 806 2051 (2225
837 1998 1069 2042 stadiorum
1100 1998 1443 2055 Polybianorum,
1468 2000 1622 2042 Strabo
1650 1998 1689 2052 2,
1710 2000 1748 2042 4.
1763 1999 1804 2042 4.

174 2078 216 2119 p.
249 2064 351 2107 106:
393 2066 562 2114 πλείους
600 2065 680 2106 τῶν
708 2065 938 2119 δισχιλίων)
972 2068 1026 2109 ab
1054 2066 1283 2122 Apollonia
1313 2068 1447 2110 abest.
1462 2070 1480 2094 4
1538 2066 1638 2110 inde
1674 2067 1805 2121 igitur

175 2133 233 2176 ad
264 2132 450 2188 Cypsela
481 2134 570 2176 fere
594 2131 706 2175 2233
735 2138 778 2176 et
805 2147 832 2177 a
861 2134 1060 2190 Cypselis
1087 2133 1145 2179 ad
1176 2135 1432 2191 Byzantium
1458 2134 1549 2178 fere
1578 2133 1693 2179 3040
1717 2139 1803 2179 sta-

175 2200 340 2243 diorum
374 2200 640 2243 numeranda
675 2204 786 2243 sunt.

285 2269 327 2310 4.
386 2269 718 2324 Peloponnesus.
744 2269 1028 2323 Peloponnesi
1045 2270 1269 2312 circuitum
1285 2270 1404 2313 nulla
1433 2270 1603 2313 sinuum
1634 2269 1801 2312 ratione

174 2335 322 2380 habita
350 2342 553 2391 quattuor
581 2351 678 2381 esse
711 2337 833 2381 milia
863 2337 1095 2381 stadiorum
1127 2337 1267 2384 dixit⁵
1298 2342 1342 2381 et
1366 2337 1677 2382 occidentalem
1707 2338 1802 2394 eJus

172 2417 292 2448 oram
334 2409 538 2460 quattuor
580 2404 701 2448 milia
742 2419 769 2449 a
800 2405 950 2450 Sicilia
984 2406 1146 2450 abesse.
1215 2406 1352 2450 solum
1383 2405 1522 2450 sinum
1554 2406 1800 2461 Argolicum

172 2473 378 2528 nominat,
394 2474 411 2498 ⁶
439 2485 522 2526 quo
546 2470 572 2529 ἡ
600 2473 714 2529 Ακτή
730 2476 745 2500 ⁷
772 2474 967 2517 efficitur.
999 2475 1150 2517 eodem
1175 2474 1345 2517 nomine
1368 2474 1498 2517 etiam
1526 2474 1641 2516 aliae
1669 2488 1802 2529 paen-

172 2540 341 2583 insulae
378 2545 565 2595 utuntur,
610 2546 657 2584 ut
699 2541 845 2584 Attica
882 2541 952 2584 ὄιά
980 2542 1027 2584 τό
1057 2540 1166 2585 πολύ
1198 2544 1326 2597 μέρος
1348 2538 1473 2598 αὐτῆς
1503 2544 1795 2585 καθικνεῖσθαι

171 2606 234 2658 εἰς
259 2607 484 2652 θάλασσαν.
500 2611 517 2637 ⁸

266 2778 277 2800 ¹
297 2781 344 2815 id.
373 2768 457 2816 104.
511 2779 527 2800 ²
550 2781 662 2814 Strab.
689 2782 765 2816 322.
831 2778 845 2800 ³
868 2780 974 2814 Str-ab.
1007 2782 1089 2823 epit.
1116 2782 1148 2824 ⁷,
1174 2782 1230 2816 57.
1255 2791 1287 2823 Ρ.
1312 2783 1367 2817 90.
1394 2782 1446 2816 ed.
1470 2782 1578 2815 Cram-
1602 2784 1644 2816 cr.
1690 2783 1798 2817 Str-ab.

171 2837 247 2871 322.
310 2834 327 2855 ⁴
349 2839 394 2869 ib.
460 2835 473 2857 ⁵
496 2838 605 2871 Strsb.
634 2840 712 2870 335.
778 2835 793 2857 ⁶
816 2840 849 2880 5,
881 2840 937 2872 91.
970 2839 1000 2872 8.
1065 2835 1079 2856 ‘¹
1102 2839 1150 2871 ib.
1213 2836 1229 2856 Β
1252 2839 1477 2880 Apollodorus
1500 2848 1555 2880 sp.
1578 2839 1693 2881 Steph.
1719 2841 1798 2882 Byz.

172 2903 200 2924 v.
227 2895 347 2926 Attica.
