2168 3278
1068 84 1123 131 31

283 212 496 269 copiosius
530 211 648 257 urbis
673 212 802 257 sinim
832 212 1047 269 describit,
1077 211 1193 268 quod
1221 225 1273 256 eo
1300 210 1451 257 melius
1481 215 1661 268 poterat,
1691 225 1789 256 cum
1814 211 1908 268 ipse

283 282 430 326 urbem
458 280 638 325 vidisset
663 295 800 337 neque
823 281 973 326 audita
997 282 1213 325 referret.¹

393 349 434 393 8.
491 349 601 394 Urbs
616 351 634 376 2
675 349 720 393 in
761 349 857 393 sinu
904 352 997 393 erat
1039 348 1146 402 sita,
1192 348 1266 402 qui
1304 347 1430 391 initio
1467 348 1558 391 fere
1585 347 1734 391 decem
1763 346 1910 391 stadia

284 417 411 471 latus,
441 416 498 460 ad
528 417 761 460 brumalem
791 429 987 461 occasum
1017 416 1240 472 spectabat
1268 421 1311 459 et
1340 416 1463 472 cujus
1502 415 1678 458 intimus
1716 427 1910 457 recessus

286 484 440 540 viginti
471 484 614 529 stadia
642 485 696 529 ab
721 485 831 529 ostio
861 485 1022 529 aberat.
1081 483 1201 528 sinus
1239 488 1381 528 autem
1411 488 1558 540 portus
1583 483 1763 526 formam
1788 494 1909 538 prae-

287 553 426 608 bebat,
450 567 546 597 cum
572 553 715 597 insula
743 554 789 596 in
818 553 913 608 ipso
933 552 1044 596 ostio
1069 552 1155 595 sita
1175 556 1301 607 esset,
1323 566 1435 608 quae
1458 552 1657 606 utrinque
1678 555 1910 606 angustum

287 621 413 666 modo
443 622 606 666 aditum
637 621 893 666 admitteret.
951 620 1098 675 itaque
1142 619 1223 663 hac
1261 620 1404 665 insula
1445 620 1576 664 maris
1617 619 1829 663 undarum
1867 618 1912 663 vi

286 690 423 734 fracta
466 690 681 747 placidam
724 690 844 733 sinus
885 701 1042 743 aquam
1079 689 1288 743 habebat,
1337 688 1420 731 nisi
1458 688 1550 744 ipso
1591 687 1736 730 Africo
1778 687 1910 730 flante

289 758 510 812 undasque
532 758 578 800 in
597 771 648 801 eo
667 761 876 800 movente.
935 760 1085 799 contra
1107 769 1254 799 omnes
1274 756 1382 799 alios
1405 760 1556 799 ventos
1581 760 1696 797 terra
1722 754 1911 809 undique

288 825 479 881 projecta
504 825 644 868 sinum
666 829 803 867 tutum
834 823 1043 867 reddebat
1071 836 1210 878 neque
1230 823 1358 866 undis
1382 823 1632 878 expositam.
1672 824 1718 865 in
1742 835 1912 866 recessu

288 893 408 937 sinus
437 906 560 937 mons
588 892 840 936 excurrebat
869 892 1148 948 paeninsulae
1172 892 1324 945 forma,
1365 891 1411 934 in
1439 904 1521 946 quo
1550 891 1650 934 urbs
1679 895 1772 934 erat
1809 902 1910 933 con-

288 961 392 1004 dita.
450 974 568 1004 marc
598 973 692 1004 eam
722 960 778 1003 ab
819 960 1013 1003 orientali
1045 964 1088 1003 et
1126 958 1395 1003 meridionali
1424 962 1542 1015 parte
1582 957 1912 1011 circumfluebat,

290 1029 596 1072 occidentalem
627 1032 770 1071 autem
797 1032 839 1071 et
865 1028 1237 1083 septentrionalem
1267 1032 1469 1082 stagnum
1499 1026 1723 1082 cingebat,
1764 1025 1912 1081 pleris—

289 1110 370 1151 que
414 1097 459 1140 in
489 1096 596 1140 locis
624 1096 831 1140 vadosum
873 1101 915 1140 et
958 1097 1123 1140 aditum
1169 1096 1227 1139 ad
1257 1097 1402 1140 urbem
1450 1094 1704 1150 concedens,
1719 1096 1737 1121 ³
1764 1093 1911 1137 'etiam

290 1164 421 1208 maris
449 1163 643 1207 accessui
667 1167 711 1207 et
739 1164 925 1209 recessui
951 1164 1203 1220 expositum.
1223 1168 1239 1191 4
1298 1177 1350 1207 ea
1378 1163 1490 1207 enim
1515 1167 1655 1206 terrae
1681 1174 1794 1219 pars,
1827 1174 1912 1216 qua

289 1233 389 1275 urbs
418 1246 513 1275 cum
545 1232 777 1275 continenti
805 1233 1146 1287 conjungebatur
1174 1247 1260 1276 non
1289 1233 1386 1286 plus
1415 1236 1508 1275 erat
1537 1231 1622 1274 duo
1650 1230 1794 1274 stadia
1823 1230 1915 1273 lata

290 1305 332 1343 ct
359 1301 476 1343 fossa
504 1298 765 1353 interscissa,
790 1312 900 1354 quae
922 1303 1125 1354 stagnum
1156 1314 1250 1343 cum
1283 1299 1391 1343 mari
1433 1298 1650 1342 confluens
1695 1296 1914 1340 reddebat.

290 1380 372 1421 quo
398 1367 559 1410 factum
589 1371 665 1420 est,
695 1371 742 1409 ut
771 1368 871 1410 urbs
902 1381 930 1410 a
956 1371 1071 1411 terra
1100 1367 1229 1422 plane
1250 1372 1366 1412 esset
1393 1367 1586 1423 sejuncta
1612 1370 1655 1409 et
1675 1366 1767 1409 solo
1786 1370 1915 1421 ponte

290 1436 433 1478 fossae
457 1434 656 1489 imposito
685 1433 827 1477 aditus
851 1434 908 1477 ad
935 1434 1056 1477 illam
1085 1439 1261 1491 pateret.
1320 1435 1419 1491 ipsa
1457 1435 1581 1489 urbs,
1617 1437 1848 1487 antequam
1887 1446 1915 1475 a

291 1502 495 1546 Romanis
525 1506 735 1558 occupata
764 1506 889 1556 esset,
918 1515 1003 1545 non
1032 1502 1321 1558 quadraginta
1350 1502 1585 1547 stadiorum
1612 1501 1798 1544 habebat
1836 1501 1914 1544 cir-

292 1570 464 1624 cuitum,
487 1573 534 1613 ut
552 1569 746 1613 nonnulli
768 1569 1079 1626 perhibuerant,
1103 1569 1192 1624 sed,
1219 1574 1267 1613 ut
1284 1570 1339 1614 de
1353 1570 1450 1614 visu
1465 1568 1667 1625 Polybius
1685 1568 1883 1622 affirmat,
1898 1571 1915 1596 ⁵

292 1652 376 1680 non
406 1637 501 1692 plus
529 1651 659 1691 quam
687 1637 844 1691 viginti
868 1638 1119 1680 stadiorum.
1174 1642 1267 1681 erat
1296 1642 1439 1681 autem
1468 1638 1514 1680 in
1541 1636 1656 1680 valle
1684 1640 1915 1688 exstructa,

292 1718 419 1759 quam
446 1704 642 1759 utrinque
669 1703 821 1747 tumuli
847 1704 1089 1760 cingebant,
1120 1704 1389 1748 meridionali
1426 1708 1605 1758 excepto
1640 1703 1795 1758 latere,
1832 1715 1916 1758 quo

292 1787 320 1816 a
348 1772 454 1816 mari
488 1772 543 1815 ad
571 1773 717 1815 urbem
747 1772 891 1815 aditus
920 1773 965 1815 in
996 1773 1129 1828 plano
1158 1773 1301 1817 fiebat.
1345 1786 1521 1828 quorum
1549 1772 1803 1815 tumulorum
1831 1771 1917 1814 duo

292 1846 416 1885 erant
443 1840 657 1883 montibus
675 1839 837 1883 similes
863 1844 905 1883 et
931 1841 1085 1897 asperi,
1109 1841 1261 1896 reliqui
1281 1846 1367 1885 tres
1392 1841 1525 1884 multo
1547 1840 1719 1895 quidem
1746 1839 1917 1896 depres-

292 1910 437 1962 siores,
473 1908 550 1951 sed
580 1908 799 1963 praerupti
834 1912 877 1950 et
923 1908 1138 1952 difficilem
1175 1910 1429 1965 praebentes
1469 1908 1646 1951 aditum.
1706 1908 1918 1950 maximus

293 1989 436 2018 eorum
462 1974 661 2017 orientali
695 1975 808 2030 parti
847 1975 1039 2030 objectus
1066 1976 1111 2018 in
1151 1990 1271 2020 mare
1310 1977 1588 2032 procurrebat
1629 1980 1671 2018 et
1713 1975 1918 2031 templum

294 2043 479 2098 Asclepii
517 2042 561 2085 in
591 2055 641 2084 eo
669 2046 763 2085 erat
794 2042 1076 2086 aedificatum.
1136 2043 1234 2087 huic
1262 2044 1483 2100 oppositus
1514 2043 1624 2086 alter
1662 2033 1756 2086 erat
1791 2042 1920 2086 simili

292 2112 376 2154 situ
408 2110 453 2153 in
483 2108 736 2153 occidentali
765 2113 908 2164 parte,
948 2109 992 2152 in
1020 2123 1103 2164 quo
1147 2124 1224 2154 arx
1258 2111 1380 2164 regia
1417 2109 1645 2165 magnifice
1691 2099 1919 2153 aedificata

293 2183 397 2230 erat,
423 2190 551 2230 quam
575 2176 786 2230 putabant
812 2177 869 2219 ab
892 2177 1163 2220 Hasdrubale
1182 2190 1362 2230 regnum
1384 2178 1566 2233 petituro
1590 2190 1686 2220 esse
1705 2182 1917 2231 paratam.

294 2244 447 2299 reliqui
493 2248 579 2287 tres
618 2243 860 2287 humiliores
899 2244 1274 2299 septentrionalem
1314 2245 1431 2288 urbis
1472 2249 1635 2299 partem
1672 2245 1917 2299 cingebant,

294 2313 348 2357 de
375 2312 527 2367 quibus
553 2311 605 2366 is,
633 2311 706 2366 qui
734 2312 938 2354 orientem
979 2325 1126 2356 versus
1163 2313 1270 2356 situs
1303 2317 1414 2366 erat,
1455 2312 1689 2369 Hephaesti
1732 2314 1920 2356 tumulus

293 2380 607 2434 nominabatur,
634 2379 801 2423 medius
826 2379 993 2436 Aletae,
1024 2380 1173 2424 tertius
1205 2381 1390 2426 Saturni.

408 2447 446 2491 9.
498 2447 634 2503 Prope
663 2447 773 2491 hanc
797 2448 956 2503 urbem,
978 2461 1064 2492 non
1088 2449 1184 2505 plus
1214 2449 1367 2504 viginti
1398 2449 1542 2493 stadia
1568 2450 1623 2493 ab
1651 2462 1716 2504 ea,
1741 2450 1919 2493 metalla

294 2522 417 2559 erant
448 2515 628 2572 argenti,
657 2528 767 2569 quae
795 2515 997 2571 Polybius
1028 2517 1229 2561 maximis
1252 2517 1575 2571 adnumerabat,
1603 2531 1699 2560 cum
1719 2519 1919 2572 quadrin-

293 2588 516 2639 gentorum
542 2583 776 2626 stadiorum
804 2583 948 2625 orbem
981 2585 1370 2641 complecterentur.
1429 2584 1582 2639 quibus
1600 2584 1645 2627 in
1668 2585 1918 2629 exercendis

293 2651 581 2706 quadraginta
624 2650 745 2693 milia
787 2651 1075 2705 operariorum
1114 2656 1238 2695 erant
1281 2657 1491 2708 occupata
1506 2686 1516 2704 ‚
1562 2665 1741 2707 quorum
1787 2666 1920 2709 opera

292 2720 450 2775 populo
482 2721 673 2762 Romano
703 2718 749 2760 in
770 2717 883 2761 diem
912 2718 1066 2774 viginti
1092 2721 1277 2775 quinque
1297 2719 1419 2763 milia
1440 2719 1687 2764 drachmum
1709 2721 1920 2765 redibant.

292 2784 518 2896 ᾱὲἕοτίρείῐ
557 2786 697 2882 6etiam
747 2786 971 2843 Polybius,
1032 2787 1150 2843 quali
1188 2788 1354 2833 ratione
1397 2802 1551 2845 purum
1591 2788 1651 2833 ibi
1693 2794 1919 2846 argentum

293 2866 317 2897 e
366 2858 541 2897 ceretur.

388 3012 398 3034 ¹
428 3017 479 3056 ιο,
509 3017 557 3046 11.
583 3017 616 3047 4.
663 3014 679 3034 ²
708 3019 759 3059 10,
788 3021 839 3051 ιο.
890 3015 903 3037 ²
931 3020 982 3059 10,
1007 3019 1037 3049 s.
1059 3020 1091 3050 7.
1129 3016 1146 3036 ⁴
1166 3020 1218 3059 10,
1244 3019 1295 3050 14.
1322 3019 1351 3049 s.
1402 3015 1414 3036 ⁵
1442 3020 1494 3059 10,
1521 3020 1572 3049 11.
1597 3020 1629 3051 4.
1678 3016 1694 3037 ⁶
1716 3019 1914 3054 Strab.147.
