2168 3278
1066 102 1122 155 10

1043 427 1134 499 n.

391 582 606 634 Quoniam
658 584 845 628 vidimus
890 598 977 640 qua
1021 584 1075 628 de
1117 591 1251 628 causa
1290 583 1494 640 Polybius
1537 587 1581 628 et
1622 596 1720 639 qua*
1742 584 1909 629 ratione

275 650 586 708 geographiam
624 653 896 708 tractaverit,
938 657 982 697 et
1018 653 1225 697 nonnulla
1264 652 1317 696 de
1356 651 1476 696 libris
1516 651 1609 708 ejus
1660 651 1921 709 adjecimus,-

276 719 482 774 sequitur,
519 724 567 763 ut
597 721 651 764 de
690 722 873 777 singulis
902 722 995 777 ejus
1039 734 1178 764 rerum
1212 720 1595 775 geographicarum
1634 720 1825 775 partibus
1853 722 1909 764 sit

276 787 399 830 nobis
443 787 672 832 dicendum
687 822 697 839 ,
744 803 855 844 quae
896 789 1075 833 senserit
1107 789 1160 832 de
1190 792 1282 831 tota
1316 791 1430 831 terra
1467 791 1511 831 et
1553 787 1907 842 quemadmodum

275 867 372 897 eam
402 855 608 911 diviserit,
637 856 794 900 deinde
825 857 976 911 quales
1009 857 1097 901 sint
1128 856 1326 910 singulae
1362 855 1476 900 orbis
1515 860 1721 900 terrarum
1751 861 1908 912 partes,

273 924 415 975 quoad
461 923 552 966 fieri
601 924 745 967 licebit
777 937 830 967 ex
871 924 1053 968 servatis
1083 924 1206 967 nobis
1241 924 1496 979 fragmentis
1519 927 1648 977 atque
1677 935 1733 967 ex
1760 928 1908 967 nostra

274 989 494 1038 facultate.
1569 989 1579 993 ’

389 1060 426 1101 1.
485 1061 547 1104 Α8
572 1060 702 1104 1011118
726 1059 902 1115 quidem
932 1064 1072 1103 terrae
1095 1060 1268 1115 globum
1296 1065 1343 1104 ut
1367 1058 1547 1113 dividat,
1577 1058 1758 1103 diversis
1775 1058 1908 1102 utitur

273 1126 388 1169 aeris
428 1132 471 1170 et
501 1129 609 1171 caeli
646 1128 802 1185 plagis.
859 1128 999 1184 prima
1045 1129 1158 1171 enim
1198 1142 1252 1171 cx
1282 1128 1376 1184 ejus
1404 1127 1604 1183 opinione
1635 1132 1677 1170 81
1716 1126 1907 1170 maxima

273 1193 456 1238 scientia
500 1202 566 1240 est
608 1197 889 1250 omnibusque
920 1195 1160 1240 hominibus
1191 1194 1442 1251 communis,
1483 1208 1568 1250 qua
1601 1195 1780 1251 caelum,
1823 1207 1906 1250 quo

271 1262 550 1318 continemur,
583 1264 815 1308 dividimus
846 1268 889 1306 et
934 1264 1139 1307 orientem
1181 1265 1445 1308 occidentem
1477 1263 1697 1307 meridiem
1739 1268 1906 1318 septen-

270 1330 431 1374 triones
462 1332 780 1387 distinguimus.
800 1335 812 1358 ¹
844 1332 982 1375 altera
997 1337 1076 1385 est,
1106 1345 1193 1387 qua
1222 1332 1286 1376 his
1308 1331 1490 1387 singulis
1511 1331 1704 1387 partibus
1733 1331 1907 1386 singula

270 1403 410 1442 terrae
442 1400 540 1444 loca
570 1399 834 1455 subjicimus,
877 1412 960 1454 quo
999 1398 1059 1454 fit,
1106 1404 1164 1455 ut,
1195 1413 1293 1443 cum
1337 1398 1520 1443 diversis
1561 1398 1674 1443 aeris
1715 1402 1758 1442 et
1794 1397 1907 1441 caeli

274 1467 418 1521 plagis
443 1468 521 1511 illa
539 1468 625 1511 sint
647 1468 859 1523 subjecta,
889 1468 1020 1510 etiam
1039 1468 1229 1511 homines
1248 1467 1310 1511 eis
1334 1467 1497 1511 similes
1519 1467 1754 1511 reddantur
1770 1479 1908 1521 neque

270 1533 359 1577 alia
377 1535 430 1579 de
447 1550 583 1580 causa
601 1536 794 1579 maxima
817 1536 1070 1592 populorum
1094 1535 1284 1580 varietas
1307 1535 1456 1580 formis
1483 1535 1694 1579 coloribus
1718 1535 1905 1578 moribus

269 1603 424 1646 studiis
465 1605 688 1659 efficiatur,
706 1607 722 1631 2
767 1608 808 1646 et
853 1605 948 1647 sola
986 1604 1067 1648 hac
1104 1604 1285 1649 scientia
1334 1604 1603 1648 audientibus
1647 1603 1904 1660 legentibus·

269 1684 349 1725 que
380 1672 511 1715 etiam
543 1673 597 1716 de
626 1686 712 1716 non
741 1671 848 1715 visis
878 1677 1007 1715 antea
1036 1686 1173 1728 neque
1196 1673 1310 1717 notis
1339 1673 1582 1716 intellectus
1609 1672 1822 1715 afferatur.

383 1740 421 1782 2.
475 1742 631 1783 Totam
668 1739 802 1794 igitur
831 1745 989 1783 terram
1029 1755 1083 1784 ex
1113 1742 1294 1785 diversis
1333 1740 1443 1784 caeli
1484 1739 1628 1795 plagis
1664 1752 1741 1782 sex
1785 1739 1904 1782 zonis

268 1806 436 1863 dividit,
478 1822 658 1863 quarum
686 1809 798 1851 duae
833 1811 911 1853 sub
961 1810 1132 1854 arcticis
1167 1814 1393 1867 ponuntur,
1441 1808 1553 1853 duae
1580 1808 1692 1852 inter
1721 1808 1904 1852 arcticos

269 1874 450 1917 circulos
489 1881 531 1918 et
576 1876 774 1931 tropicOS,
819 1878 932 1920 duae
977 1878 1088 1921 inter
1131 1878 1206 1921 hos
1245 1882 1289 1920 et
1326 1876 1697 1931 aequinoctialem.
1714 1879 1732 1902 ³
1794 1876 1904 1919 duas

267 1941 390 1996 illas,
441 1956 571 1998 quas,
600 1944 930 1999 aequinoctialis
986 1945 1167 2001 dirimit,
1225 1958 1372 1989 omnes
1426 1957 1454 1987 a
1494 1943 1773 1998 Parmenide,
1828 1943 1903 1998 qui

268 2010 432 2064 primus
462 2012 507 2054 in
528 2012 715 2067 quinque
738 2027 869 2057 zonas
894 2019 1053 2058 terram
1076 2015 1294 2069 diviserat,
1309 2017 1327 2042 4
1347 2013 1406 2056 ad
1425 2012 1749 2056 Eratosthenem
1770 2026 1902 2056 unam

267 2091 364 2123 esse
397 2081 644 2135 censebant,
686 2086 728 2124 et
771 2082 900 2125 etiam
933 2088 1028 2139 post
1065 2083 1176 2126 hunc
1214 2083 1420 2138 plerique,
1462 2094 1557 2124 cum
1595 2081 1746 2125 eadem
1789 2085 1903 2124 esset

267 2148 361 2202 eJus
408 2149 519 2191 caeli
564 2149 709 2205 plaga.
767 2150 898 2193 etiam
931 2151 1235 2195 Eratosthenes
1267 2152 1452 2205 quinque
1491 2163 1625 2193 zonas
1664 2150 1710 2192 in
1745 2150 1901 2193 Herme

267 2216 497 2271 habebat,⁵
539 2231 722 2271 quarum
757 2219 871 2262 duae
915 2223 1083 2263 tantum
1114 2219 1375 2263 habitabiles
1417 2223 1554 2273 erant,
1598 2218 1711 2261 duae
1756 2223 1899 2262 autem

267 2285 438 2331 arcticis
458 2286 680 2340 subJectae
709 2292 752 2330 et
776 2288 942 2331 torrida
970 2288 1086 2332 circa
1106 2287 1465 2343 aequinoctialem
1482 2287 1567 2331 sita
1580 2287 1900 2335 inhabitabiles.

266 2353 311 2394 in
340 2353 675 2408 geographicisss
727 2360 869 2398 autem
899 2356 943 2398 in
975 2357 1085 2399 duas
1115 2370 1271 2417 zonam.
1295 2356 1503 2399 torridam
1529 2355 1762 2411 dividebat,
1790 2356 1902 2399 inter

267 2435 376 2475 quas
406 2427 690 2477 temperatam
726 2425 896 2467 tertiam
938 2425 1016 2467 sub
1056 2425 1154 2479 ipsa
1195 2423 1502 2478 aequinoctiali
1529 2429 1677 2480 patere
1706 2424 1901 2479 putabat,

266 2489 450 2533 eandem
479 2491 665 2534 fortasse
689 2492 814 2547 hujus
842 2492 1058 2547 opinionis
1075 2504 1253 2535 causam
1269 2492 1467 2547 afferens,
1497 2504 1625 2545 quam
1655 2504 1709 2534 ex
1734 2491 1900 2548 Polybii

265 2557 372 2600 libro
416 2563 620 2615 separato
664 2560 869 2604 Geminus
908 2560 1033 2603 nobis
1073 2559 1208 2603 tradit
1253 2564 1295 2603 et
1339 2573 1469 2614 quam
1499 2558 1765 2614 Posidonius,
1806 2560 1899 2616 ipse

266 2626 496 2682 Polybium
526 2628 792 2683 vituperans,
824 2628 1016 2683 eJusdem
1047 2628 1110 2670 rei
1136 2641 1314 2671 causam
1343 2640 1438 2671 esse
1467 2627 1583 2670 dicit.

378 2694 417 2735 3.
476 2695 716 2738 Geminus⁷
745 2701 890 2739 autern
922 2710 976 2738 ex
1006 2696 1173 2752 Polybii
1199 2697 1321 2751 libro,
1347 2688 1438 2751 ‘qui
1467 2695 1716 2739 inscribitur
1742 2695 1796 2738 de
1827 2696 1899 2739 ha-

267 2761 474 2806 bitatione
498 2764 614 2807 circa
644 2765 1016 2820 aequinoctialem,
1047 2765 1191 2821 tradit,
1220 2765 1447 2823 Polybium
1473 2769 1650 2822 putasse
1679 2763 1724 2807 in
1754 2763 1898 2808 media

360 2934 368 2953 ¹
395 2939 427 2978 3,
453 2939 597 2969 36—37.
640 2941 671 2980 5,
698 2941 753 2974 21,
779 2940 809 2972 8.
859 2938 875 2958 ²
899 2942 931 2980 4,
956 2941 1010 2973 21.
1062 2937 1075 2958 ³
1099 2941 1207 2972 strab.
1233 2942 1263 2977 2,
1292 2949 1326 2980 p.
1353 2941 1406 2972 97.
1454 2940 1469 2959 ⁴
1493 2942 1538 2972 id.
1559 2950 1592 2981 p.
1607 2942 1660 2971 94.
1710 2936 1724 2958 ⁵
1748 2938 1897 2970 Achilles

265 2994 404 3035 Statius,
429 2995 512 3036 isag.
537 2996 571 3026 in
598 2997 693 3028 Arati
716 2998 838 3037 phaon.
862 3000 916 3031 29.
941 3007 994 3038 ap.
1014 2999 1126 3034 Petav,
1152 3008 1184 3039 p.
1213 2999 1287 3032 153.
1322 2999 1419 3039 Verg.
1438 2999 1558 3039 Georg.
1577 3002 1607 3041 1,
1631 2998 1707 3029 233.
1751 2993 1766 3015 ⁸
1788 2995 1895 3028 strab.

263 3061 294 3091 p⁴
325 3053 377 3082 95.
405 3053 457 3085 97.
510 3051 523 3071 ‘¹
548 3056 708 3087 Geminus
736 3057 787 3087 13.
