2168 3278
1111 103 1168 150 52

1089 432 1200 499 vl.

976 596 1036 665 Av
1049 594 1090 664 ί·
1097 615 1137 664 r
1155 594 1180 663 i
1202 615 1240 664 e
1260 615 1324 663 a.

444 730 483 772 1.
542 729 709 783 Restat,
747 735 796 772 ut
833 730 887 772 de
915 730 1046 773 tertia·
1073 729 1188 772 orbis
1216 734 1424 772 terrarum
1457 733 1580 783 parte
1609 740 1723 771 nune
1751 728 1814 771 sit-
1833 726 1958 770 nobis

325 795 571 847 dieendum,
613 808 745 851 quam
775 796 958 852 Libyam
988 796 1142 843 Graeci
1171 796 1406 852 nominant,
1455 802 1497 841 et
1536 797 1661 853 eujus
1706 795 1762 840 'de
1804 792 1958 839 tinibus

323 863 420 920 jam
445 865 583 920 supi-a
617 863 819 907 diximus.
873 865 1048 919 qualem
1076 870 1219 908 antem
1249 865 1433 920 figuram
1457 865 1660 921 Polybius
1681 863 1859 907 Africae
1886 861 1957 906 de-

325 931 455 986 derit,
497 945 612 977 nune
649 933 744 988 ,iam
774 945 860 976 non
887 935 1071 988 constat,
1116 933 1194 977 sed
1231 933 1308 977 hoo
1353 933 1527 977 dubium
1567 947 1662 977 esse
1691 944 1778 976 non
1804 936 1959 986 potest,

327 1000 433 1055 quin
458 1000 515 1044 de
544 1000 761 1044 sententia
789 1000 865 1043 illa
905 1000 1175 1056 pervulgata,
1206 1014 1335 1055 quam
1371 1000 1677 1051 Eratosthenes
1715 999 1877 1057 primus
1904 997 1959 1041 de

330 1067 470 1123 figura
498 1067 672 1112 Africae
699 1067 861 1123 habuit,
905 1067 1108 1125 Polybius
1139 1069 1382 1124 decesserit,
1428 1082 1521 1113 cum
1550 1082 1686 1124 usque
1716 1068 1779 1110 ad
1812 1066 1958 1120 aequi-

277 1188 283 1197 Ι
328 1136 559 1180 noetialem
588 1140 746 1180 terram
782 1136 993 1190 pertinere
1022 1141 1153 1192 putet,
1201 1137 1279 1180 suh
1324 1149 1409 1192 qua
1440 1137 1538 1194 ipsa
1566 1134 1765 1180 altissimi
1794 1137 1959 1178 montes

329 1208 568 1260 exsurgant
592 1208 641 1248 et
679 1217 789 1248 zona
817 1208 1057 1262 temperata
1098 1205 1167 1259 sit,
1199 1205 1312 1248 ultra
1341 1219 1470 1260 quam
1501 1207 1638 1248 altera
1662 1217 1772 1247 zona
1797 1201 1960 1246 torrida

328 1276 547 1326 sequatur:
606 1272 671 1314 illi
703 1283 871 1333 quoque
885 1272 1089 1327 opinioni
1116 1286 1163 1316 se
1190 1286 1274 1317 non
1305 1273 1487 1328 addixit,
1516 1286 1645 1328 quam
1674 1268 1811 1316 secuti
1835 1269 1959 1327 pleri-

327 1351 417 1394 que
444 1339 637 1384 Africam
667 1354 694 1382 a
724 1341 900 1383 meridie
929 1354 1024 1383 eum
1051 1340 1156 1383 Asia
1184 1339 1457 1396 conjunctam
1481 1353 1576 1384 esse
1590 1342 1859 1396 putaverant,
1880 1336 1960 1381 sed

329 1410 471 1450 utrum
500 1406 559 1451 sit
588 1420 692 1451 vera
722 1407 827 1451 haee
857 1408 1001 1464 opinio
1027 1421 1084 1451 an
1113 1407 1226 1451 falsa
1250 1408 1299 1462 ,in
1327 1409 1468 1452 medio
1497 1408 1679 1463 reliquit.

444 1474 484 1517 2.
542 1475 594 1518 In
632 1475 928 1519 enumeranda
969 1475 1237 1531 longitudine
1283 1489 1384 1520 orae
1429 1476 1613 1533 libycae,
1657 1488 1769 1531 quae
1798 1478 1865 1518 est
1902 1473 1959 1516 ad

330 1556 450 1587 mre
473 1540 700 1597 internum,
729 1544 1054 1587 Eratosthenem
1086 1548 1256 1586 secutus
1282 1549 1361 1598 est,
1380 1548 1392 1571 ¹
1431 1545 1503 1599 qui
1534 1545 1589 1587 ab
1618 1544 1727 1586 ostio
1752 1540 1975 1598 canopico,
2064 1534 2066 1536 ’

327 1609 389 1654 ul
412 1610 720 1668 Carthaginem
745 1611 885 1656 15500
901 1611 1137 1656 stadiorum
1159 1617 1468 1667 numeraverat,
1483 1616 1499 1639 2
1528 1612 1629 1655 inde
1659 1612 1717 1655 ad
1738 1611 1959 1655 columnas

329 1677 390 1721 ad
418 1678 640 1723 minimum
669 1680 795 1734 8000,
824 1685 870 1723 ut
890 1680 1021 1724 totius
1040 1693 1142 1723 orae
1168 1680 1392 1734 longitudo
1417 1684 1530 1723 esset
1546 1679 1689 1722 21500
1710 1677 1958 1727 stadiorum.

327 1746 481 1791 eadem
509 1746 640 1792 etiam
667 1747 829 1792 Plinius
858 1747 1003 1802 tradit,
1032 1748 1358 1792 Eratosthenem
1382 1754 1426 1791 et
1455 1748 1677 1804 Polybium
1711 1748 1766 1791 ab
1788 1747 1961 1791 Ooeano

330 1814 390 1858 ad
419 1814 724 1870 Carthaginem
764 1815 874 1858 1100
910 1817 965 1857 M.
1001 1830 1042 1869 p.
1084 1815 1217 1867 (8800
1247 1816 1507 1872 stadiorum)
1537 1816 1593 1858 ab
1632 1827 1687 1859 ea
1723 1815 1959 1870 Canopum,

330 1880 420 1926 Nili
447 1881 689 1939 proximum
717 1884 872 1926 ostium
911 1884 1017 1927 1528
1047 1884 1102 1927 M.
1135 1897 1175 1938 p.
1221 1880 1384 1939 (12224
1410 1883 1660 1933 stadiorum)
1700 1893 1960 1936 numerasse,

330 1955 376 1992 ut
402 1954 499 1993 tota
520 1954 634 1993 esset
661 1959 829 1994 summa
857 1950 1000 1993 21024
1026 1950 1275 1994 stadiorum.

446 2017 547 2073 Ipse
573 2017 778 2074 Polybius
793 2020 811 2046 3
842 2031 866 2060 a
908 2018 1114 2061 columnis
1152 2018 1209 2061 ad
1239 2032 1339 2061 aras
1376 2019 1580 2074 Philaeni,
1619 2030 1734 2074 quae
1771 2018 1873 2061 su‘nt
1897 2016 1959 2060 'ad

331 2084 538 2140 majorem
562 2084 736 2142 Syrtim,
770 2085 864 2142 plus
905 2096 999 2130 esse
1033 2086 1169 2130 16000
1194 2087 1434 2131 stadiorum
1464 2087 1582 2131 dicit,
1626 2087 1777 2141 quibus
1802 2099 1857 2130 ex
1882 2093 1958 2128 nu·

319 2152 461 2218 ‚meris
482 2157 677 2209 apparet,
704 2154 930 2210 Polybium
950 2165 1217 2198 numerasse:

451 2247 480 2278 a
508 2233 723 2301 columnis&
745 2234 802 2278 ad
816 2227 1124 2289 Carthaginem
1153 2234 1388 2278 stadiorum
1405 2237 1501 2291 plus
1532 2249 1661 2290 quam
1719 2233 1833 2277 8000

452 2301 555 2345 inde
582 2300 642 2345 ad
670 2301 833 2358 Syrtim
854 2302 1060 2346 minorem
1075 2305 1092 2330 ⁴
1160 2335 1662 2348 ........
1721 2300 1835 2346 2400

454 2368 513 2429 ad
541 2369 702 2424 Syrtim
732 2369 939 2425 majorem
1026 2401 1523 2413 ........
1561 2381 1592 2412 ·.
1652 2402 1662 2413 .
1721 2368 1834 2412 5600

454 2435 513 2479 ad
538 2436 793 2491 canopicum
824 2437 979 2481 ostium
1024 2469 1660 2481 ..........
1722 2436 1849 2507 5550ομΔ

1692 2515 1845 2560 21500.

442 2596 564 2648 Quae
592 2609 669 2639 ora
701 2610 831 2651 quam
877 2597 922 2638 in
959 2597 1175 2652 regionem
1207 2610 1235 2640 a
1278 2596 1484 2640 columnis
1527 2595 1584 2639 ad
1614 2596 1858 2654 Aegyptum
1888 2596 1958 2641 de-

327 2669 483 2720 currat,
513 2665 600 2709 alio
629 2657 724 2708 loeo
748 2665 1146 2708 demonstravimus.

442 2733 481 2777 3.
540 2727 605 2777 De
635 2737 792 2776 natura
820 2737 964 2776 autem
992 2732 1164 2776 Africae
1193 2737 1235 2775 et
1263 2734 1314 2775 de
1351 2732 1545 2787 frugibus
1580 2731 1673 2787 ejus
1711 2736 1838 2788 atque
1866 2734 1957 2777 ani·

329 2801 513 2847 malibus
544 2802 705 2845 multae
736 2800 912 2845 fabulae
936 2801 1218 2856 peivulgatae
1248 2806 1382 2855 erant,
1428 2813 1536 2854 quas
1566 2800 1694 2843 etiam
1726 2800 1927 2845 Timaeus
1942 2805 1958 2830 ⁵

326 2875 485 2914 temere
528 2870 798 2924 sequebatur,
838 2869 912 2924 qui
943 2875 1100 2912 terram
1137 2882 1363 2912 arenosam
1403 2863 1510 2922 esse,
1547 2869 1726 2929 aridam,
1770 2869 1956 2912 sterilem

424 3039 433 3060 ¹
459 3041 547 3074 Pnn.
575 3043 606 3081 5,
633 3043 662 3072 7.
688 3043 744 3074 40.
788 3039 803 3060 ²
827 3041 935 3073 strab.
962 3042 1016 3075 64.
1052 3037 1066 3059 ³
1091 3042 1122 3083 3,
1147 3043 1199 3072 39.
1239 3039 1253 3059 ⁴
1277 3041 1353 3073 Pnn
1392 3042 1423 3083 5,
1447 3042 1500 3074 26.
1538 3039 1551 3061 ⁵
1581 3042 1632 3084 12,
1657 3043 1687 3073 3.
