2168 3278
1034 111 1090 156 21

249 232 550 280 Hadriaticum
590 249 707 280 mare
751 241 794 281 et
839 238 995 281 Istrum
1026 249 1198 279 amnem
1227 240 1272 279 et
1298 235 1429 292 Alpes
1457 234 1648 292 conspici
1677 237 1845 291 posse.“
1863 238 1876 262 ¹

248 313 415 357 „neque
445 301 673 358 degressus
696 304 797 348 inde
827 304 1059 360 quidquam
1093 304 1299 359 vulgatae
1326 304 1517 361 opinioni
1547 302 1773 346 detraxit.“

364 370 544 414 Fontem
584 373 824 418 Hadriatici
867 374 998 418 maris
1044 378 1173 428 atque
1214 377 1394 416 matrem
1439 372 1534 427 ejus
1573 371 1742 415 incolae
1780 384 1877 415 eum

238 437 389 480 'locum
418 437 462 481 in
498 438 592 495 ipso
629 453 797 485 recessu
834 442 961 484 situm
993 441 1286 495 nominabant,
1319 441 1390 484 ubi
1419 440 1647 484 Timavum
1675 438 1878 495 Polybius

250 512 555 558 commemorat
578 507 643 565 (τὸ
676 510 878 566 Τίμαυον)
897 509 1119 555 Diomedis
1135 522 1316 563 sacrum,
1345 509 1458 563 quod
1477 514 1519 552 et
1538 511 1704 564 portum
1719 506 1877 554 habeat

250 578 293 618 et
317 574 461 618 lucum
490 580 739 633 septemque
769 579 921 631 fontes,
951 579 1023 632 qui
1053 591 1139 621 uno
1165 582 1342 632 excepto
1370 589 1526 631 aquam
1553 576 1714 619 salsam
1744 574 1876 620 edant

249 641 292 685 et
319 645 466 686 statim
494 644 584 688 lato
611 649 654 688 et
680 646 768 689 alto
795 645 923 689 fluvio
954 645 1069 689 facto
1097 645 1143 688 in
1171 658 1291 688 mare
1318 644 1513 687 influant.
1526 645 1548 670 ²

363 709 430 754 22.
488 711 629 766 Atque
651 716 698 755 ut
725 712 984 767 reliquarum
1014 712 1172 756 interni
1195 712 1326 755 maris
1356 711 1541 767 partium
1569 710 1745 753 nomina
1773 721 1874 753 enu-

250 791 415 821 merare
439 779 646 834 omittam,
688 780 743 823 de
776 780 1016 824 Thermaici
1045 781 1165 824 sinus
1194 780 1279 823 situ
1309 780 1506 835 Polybius
1535 778 1700 832 meliuS,
1743 789 1873 831 quam

249 846 554 891 Eratosthenes
598 847 830 893 instructus
859 853 963 903 erat,
1007 849 1079 904 qui
1118 849 1205 893 late
1235 861 1332 893 eum
1362 847 1624 892 occidentem
1652 857 1799 890 versus
1828 844 1873 887 in

246 918 403 958 terram
431 916 668 960 immissum
710 931 805 961 esse
847 918 1040 974 putabat,
1088 922 1135 960 ut
1165 916 1437 960 latitudinem
1465 921 1603 959 terrae
1634 915 1746 957 inter
1774 912 1873 969 Epi·

245 982 448 1026 damnum
486 989 529 1027 et
566 986 943 1030 Thessaloniceam
991 986 1101 1029 sitae
1150 988 1460 1039 nongentorum
1504 982 1741 1027 stadiorum
1777 993 1873 1024 esse

246 1050 418 1094 diceret.
477 1052 679 1108 Polybius
707 1057 864 1108 autem,
895 1054 967 1108 qui
993 1054 1091 1097 viae
1112 1052 1331 1113 *Egnatiae
1361 1051 1599 1096 miliaribus
1624 1049 1688 1094 uti
1717 1048 1870 1104 potuit,

245 1118 342 1174 plus
371 1131 466 1162 esse
495 1120 579 1163 duo
610 1121 730 1163 milia
758 1121 993 1164 stadiorum
1022 1121 1219 1164 affirmat.
1234 1123 1252 1146 ²⁸

357 1186 424 1229 23.
485 1188 549 1230 De
592 1188 868 1244 Hellesponto
912 1194 1074 1243 autem,
1116 1187 1385 1244 Propontide,
1432 1188 1622 1243 Bosporo
1668 1184 1867 1237 Thracio,

246 1253 392 1307 Ponto,
422 1254 580 1298 Maeoti
622 1256 835 1311 copiosius
878 1261 1036 1300 tractat
1078 1263 1119 1300 et
1162 1257 1207 1299 in
1243 1256 1457 1308 continu0,
1472 1257 1490 1282 4
1536 1268 1633 1298 cum
1663 1254 1866 1305 Graecos,

245 1320 504 1376 quamquam
535 1322 801 1378 clarissimae
829 1325 955 1369 urbes
995 1325 1054 1368 ibi
1096 1324 1295 1368 conditae
1324 1323 1420 1378 sint,
1464 1322 1570 1366 haec
1604 1321 1700 1365 loca
1727 1330 1867 1376 paene

245 1388 444 1442 ignorare
468 1389 598 1445 dicat,
628 1405 765 1446 neque
793 1393 960 1447 qualem
989 1393 1218 1435 utilitatem
1249 1392 1427 1435 Graecis
1455 1392 1691 1447 praebeant
1720 1400 1869 1443 expor-

245 1455 377 1500 tando
408 1461 450 1501 et
479 1457 750 1515 importando
778 1460 901 1505 Ponti
932 1461 1226 1517 Graeciaeque
1256 1473 1417 1504 merces
1455 1458 1564 1504 satis
1592 1456 1714 1512 scire,
1743 1454 1867 1511 cujus

244 1522 441 1567 inscitiae
480 1539 657 1569 causam
698 1527 842 1582 affert,
887 1529 1001 1583 quod
1031 1529 1137 1572 haec
1174 1529 1271 1571 loca
1309 1528 1577 1582 aliquantum
1622 1529 1743 1568 extra
1791 1536 1867 1566 eas

242 1591 357 1634 orbis
383 1597 590 1636 terrarum
621 1600 765 1649 partes
792 1596 878 1638 sita
904 1597 1003 1650 sint,
1037 1610 1148 1651 quae
1177 1596 1288 1639 adiri
1312 1600 1454 1650 ‚atque
1481 1593 1649 1638 visitari
1688 1591 1868 1636 soleant.

355 1659 518 1712 Quibus
557 1662 745 1706 maribus
785 1677 895 1718 quae
923 1664 1105 1721 'propria
1142 1668 1299 1719 essent,
1338 1661 1576 1707 doctissimi
1606 1661 1868 1706 Graecorum

242 1740 465 1783 rerumque
487 1730 747 1774 naturalium
774 1732 1021 1788 peritissimi
1050 1731 1299 1776 Aristoteles
1313 1732 1327 1755 ⁵
1350 1731 1656 1775 Eratosthenes
1670 1733 1687 1757 ⁶
1723 1729 1868 1772 Strato

243 1796 445 1852 physicus
468 1798 561 1853 jam
584 1811 716 1854 saepe
746 1800 791 1841 in
815 1800 1169 1856 disceptationem
1189 1804 1451 1843 vocaverant
1480 1804 1523 1842 et
1544 1810 1718 1842 causam
1739 1808 1867 1850 quae·

241 1863 442 1919 siverant,
488 1880 574 1921 qua
603 1880 657 1910 ex
686 1866 846 1911 Maeoti
875 1866 921 1910 in
950 1868 1130 1911 Pontum
1174 1881 1290 1922 aqua
1331 1866 1617 1923 impelleretur
1654 1868 1698 1908 et
1726 1863 1866 1907 denuo

241 1943 294 1975 ex
320 1931 452 1976 Ponto
492 1934 538 1977 in
581 1948 700 1979 mare
729 1937 961 1990 Aegaeum.
1029 1948 1167 1990 neque
1209 1935 1415 1980 vadosam
1446 1934 1628 1979 Maeotis
1669 1937 1713 1976 et
1741 1930 1865 1975 Ponti

241 2003 439 2042 naturam
469 2000 785 2058 ignoraverant,
810 2017 948 2058 neque
978 2004 1210 2047 dulciorem
1233 2004 1455 2058 utriusque
1475 2015 1647 2057 aquam,
1674 2005 1721 2043 ut
1743 2000 1866 2055 Poly·

240 2065 334 2110 bins
362 2067 556 2113 'Maeotis
601 2070 806 2126 Pontique
853 2076 1053 2116 naturam
1102 2071 1390 2127 descripturus
1428 2076 1471 2115 et
1516 2083 1647 2125 saepe
1687 2068 1866 2129 iteratas

240 2148 395 2179 causas
425 2137 706 2193 expositurus,
736 2144 850 2183 recte
874 2140 1015 2183 dicere
1046 2145 1203 2194 posset,
1218 2142 1233 2168 ⁷
1264 2153 1349 2183 non
1370 2140 1496 2183 fidem
1526 2152 1602 2183 eas
1634 2138 1790 2181 habere
1812 2149 1865 2179 ex

240 2208 521 2247 mercatorum
561 2207 891 2262 narrationibus,
935 2208 1013 2251 sed
1057 2209 1113 2251 eii
1151 2207 1358 2251 scientiae
1387 2206 1598 2250 naturalis
1628 2204 1864 2261 principiis.

352 2271 420 2315 24.
478 2273 541 2317 Ac
569 2274 752 2318 Maeotis
766 2276 784 2302 8
812 2275 982 2330 quidem
1012 2276 1124 2319 inter
1152 2277 1367 2330 Europam
1398 2280 1441 2318 et
1470 2275 1618 2318 Asiam
1665 2274 1751 2317 sita
1786 2278 1864 2327 est,

238 2353 348 2394 quas
371 2339 440 2383 hic
471 2341 592 2386 lacus
621 2348 794 2397 separat
831 2348 874 2387 et
904 2343 1066 2389 Tanais
1094 2344 1262 2400 fluvius,
1301 2344 1374 2399 qui
1403 2344 1460 2386 ab
1489 2347 1583 2386 ortu
1611 2342 1776 2387 aestivo
1806 2340 1864 2385 ad

238 2421 438 2452 occasum
469 2408 689 2453 hibernum
720 2410 856 2455 fluens
886 2412 930 2454 in
953 2413 1155 2456 Maeotim
1185 2412 1284 2455 exit.
1314 2411 1497 2454 Maeotis
1522 2411 1729 2454 ambitum
1750 2410 1864 2453 8000

237 2476 471 2533 stadiorum
514 2491 608 2522 esse
637 2479 841 2535 Polybius
886 2486 1035 2525 auctor
1059 2487 1151 2536 'est,
1197 2481 1271 2536 qui
1310 2493 1510 2523 numerus
1551 2494 1578 2522 a
1617 2478 1864 2537 posterioris

239 2544 334 2588 aevi
362 2558 563 2590 mensura
579 2549 595 2574 ⁹
636 2546 750 2590 9000
793 2549 1032 2593 stadiorum
1078 2563 1163 2592 non
1191 2549 1320 2593 valde
1356 2549 1585 2605 discrepat,
1629 2561 1723 2591 cum
1755 2547 1863 2590 anti-

238 2613 407 2667 quiores
437 2614 663 2672 scriptores
703 2616 908 2657 ambitum
951 2617 1045 2672 ejus
1075 2617 1254 2659 nimium
1283 2617 1498 2669 haberent,
1541 2616 1616 2670 qui
1653 2620 1700 2658 ut
1730 2616 1862 2657 Hero—

239 2681 365 2724 dotus
382 2682 420 2710 ¹⁰
449 2683 653 2727 Maeotim
668 2684 802 2727 Ponto
831 2698 916 2727 non
932 2685 1064 2728 multo
1094 2699 1188 2729 esse
1205 2686 1420 2733 minorem,
1442 2684 1511 2729 vel
1527 2689 1575 2729 ut
1591 2684 1809 2728 Patrocles
1826 2685 1858 2711 ¹¹

238 2746 414 2805 πάρισον
440 2750 499 2806 τῷ
526 2749 684 2808 Πόντῳ,
715 2764 966 2808 persuasum
995 2752 1078 2797 sibi
1108 2752 1325 2797 haberent.
1371 2752 1442 2807 qui
1468 2752 1591 2797 lacus
1619 2765 1714 2796 cum
1744 2751 1862 2795 fluvi-

327 2929 338 2951 ¹
361 2931 468 2966 Strab.
506 2934 582 2968 313
622 2935 694 2968 Liv.
731 2936 785 2970 40.
817 2937 857 2967 21
892 2939 927 2967 et
959 2937 1012 2971 22.
1072 2933 1089 2954 ²
1121 2936 1226 2969 Strab.
1265 2948 1296 2979 p.
1331 2938 1521 2972 214—215.
1592 2934 1607 2957 ⁸
1638 2937 1858 2973 Strab.106.

234 2987 249 3009 ⁴
275 2991 308 3033 4,
332 2990 479 3023 38-46.
528 2988 542 3010 ⁵
564 2991 702 3025 Aristot.
727 2994 835 3034 probl.
861 2994 916 3027 23.
942 2995 973 3027 6.
1023 2991 1039 3013 ⁶
1062 2993 1167 3034 Strab
1193 3005 1224 3036 p.
1250 2996 1305 3029 49.
1346 2993 1360 3014 ‘¹
1385 2997 1417 3038 4,
1444 2997 1496 3029 40
1537 2993 1553 3014 ⁸
1576 2996 1608 3037 4,
1633 2996 1686 3054 39.
1724 2993 1860 3030 ’sn-ab.

231 3056 264 3088 p.
290 3048 369 3079 310.
421 3043 450 3065 ¹⁰
475 3047 597 3082 Herod.
624 3050 656 3090 4,
685 3050 739 3082 86.
766 3052 840 3084 101.
894 3049 922 3070 ¹¹
945 3050 1052 3083 Strab.
1077 3061 1108 3092 p.
1135 3036 1212 3084 508.
