<?xml version="1.0" encoding="UTF-8"?>
<!DOCTYPE html PUBLIC "-//W3C//DTD XHTML 1.0 Transitional//EN"
    "http://www.w3.org/TR/xhtml1/DTD/xhtml1-transitional.dtd">
<html xmlns="http://www.w3.org/1999/xhtml" xml:lang="en" lang="en">
 <head>
  <title>
</title>
<meta http-equiv="Content-Type" content="text/html;charset=utf-8" />
  <meta name='ocr-system' content='tesseract 3.04.00' />
  <meta name='ocr-capabilities' content='ocr_page ocr_carea ocr_par ocr_line ocrx_word'/>
</head>
<body>
  <div class='ocr_page' id='page_1' title='image "4626101_0013.png"; bbox 0 0 2168 3278; ppageno 0'>
   <div class='ocr_carea' id='block_1_1' title="bbox 1057 81 1084 130">
    <p class='ocr_par' dir='ltr' id='par_1_1' title="bbox 1057 81 1084 130">
     <span class='ocr_line' id='line_1_1' title="bbox 1057 81 1084 130; baseline 0 0"><span class='ocrx_word' id='word_1_1' title='bbox 1057 81 1084 130; x_wconf 79' lang='lat'>5</span> 
     </span>
    </p>
   </div>
   <div class='ocr_carea' id='block_1_2' title="bbox 254 201 1887 1487">
    <p class='ocr_par' dir='ltr' id='par_1_2' title="bbox 258 201 1887 877">
     <span class='ocr_line' id='line_1_2' title="bbox 262 201 1887 287; baseline 0.002 -36"><span class='ocrx_word' id='word_1_2' title='bbox 262 201 466 264; x_wconf 60' lang='lat' dir='ltr'><strong>scipione</strong></span> <span class='ocrx_word' id='word_1_3' title='bbox 507 208 560 252; x_wconf 79' lang='lat' dir='ltr'><strong>in-</strong></span> <span class='ocrx_word' id='word_1_4' title='bbox 606 209 899 254; x_wconf 73' lang='lat' dir='ltr'><strong>occidentales</strong></span> <span class='ocrx_word' id='word_1_5' title='bbox 942 208 1061 254; x_wconf 81' lang='lat' dir='ltr'><strong>orbis</strong></span> <span class='ocrx_word' id='word_1_6' title='bbox 1104 214 1315 254; x_wconf 71' lang='lat' dir='ltr'><strong>terrarum</strong></span> <span class='ocrx_word' id='word_1_7' title='bbox 1358 210 1555 264; x_wconf 79' lang='lat' dir='ltr'><strong>regiones</strong></span> <span class='ocrx_word' id='word_1_8' title='bbox 1581 207 1772 287; x_wconf 40' lang='lat' dir='ltr'><strong>veniae,</strong></span> <span class='ocrx_word' id='word_1_9' title='bbox 1804 219 1887 264; x_wconf 79' lang='lat' dir='ltr'><strong>quo</strong></span> 
     </span>
     <span class='ocr_line' id='line_1_3' title="bbox 258 270 1887 333; baseline 0.001 -14"><span class='ocrx_word' id='word_1_10' title='bbox 258 279 451 332; x_wconf 74' lang='lat' dir='ltr'><strong>tempore</strong></span> <span class='ocrx_word' id='word_1_11' title='bbox 476 270 545 319; x_wconf 78' lang='lat' dir='ltr'><strong>hie</strong></span> <span class='ocrx_word' id='word_1_12' title='bbox 572 275 631 320; x_wconf 80' lang='lat' dir='ltr'><strong>ad</strong></span> <span class='ocrx_word' id='word_1_13' title='bbox 660 276 814 321; x_wconf 84' lang='lat' dir='ltr'><strong>bellum</strong></span> <span class='ocrx_word' id='word_1_14' title='bbox 843 281 992 326; x_wconf 82' lang='lat' dir='ltr'><strong>contra</strong></span> <span class='ocrx_word' id='word_1_15' title='bbox 1005 274 1239 322; x_wconf 67' lang='lat' dir='ltr'><strong>Celtiberos</strong></span> <span class='ocrx_word' id='word_1_16' title='bbox 1260 277 1494 333; x_wconf 83' lang='lat' dir='ltr'><strong>gerendum</strong></span> <span class='ocrx_word' id='word_1_17' title='bbox 1519 276 1642 321; x_wconf 77' lang='lat' dir='ltr'><strong>initio</strong></span> <span class='ocrx_word' id='word_1_18' title='bbox 1671 276 1887 321; x_wconf 85' lang='lat' dir='ltr'><strong>annicen-</strong></span> 
     </span>
     <span class='ocr_line' id='line_1_4' title="bbox 260 343 1887 403; baseline 0.002 -16"><span class='ocrx_word' id='word_1_19' title='bbox 260 343 404 388; x_wconf 79' lang='lat' dir='ltr'><strong>tesimi</strong></span> <span class='ocrx_word' id='word_1_20' title='bbox 433 343 777 401; x_wconf 71' lang='lat' dir='ltr'>quinquagesimi</span> <span class='ocrx_word' id='word_1_21' title='bbox 803 346 938 403; x_wconf 72' lang='lat' dir='ltr'><strong>primi</strong></span> <span class='ocrx_word' id='word_1_22' title='bbox 952 346 1171 402; x_wconf 70' lang='lat' dir='ltr'><strong>profectus</strong></span> <span class='ocrx_word' id='word_1_23' title='bbox 1197 351 1275 390; x_wconf 85' lang='lat' dir='ltr'><strong>est.</strong></span> <span class='ocrx_word' id='word_1_24' title='bbox 1291 346 1306 373; x_wconf 86' lang='lat'><strong>¹</strong></span> <span class='ocrx_word' id='word_1_25' title='bbox 1354 345 1613 390; x_wconf 71' lang='lat' dir='ltr'><strong>Hannibalis</strong></span> <span class='ocrx_word' id='word_1_26' title='bbox 1641 351 1785 390; x_wconf 69' lang='lat' dir='ltr'><strong>autem</strong></span> <span class='ocrx_word' id='word_1_27' title='bbox 1802 359 1887 390; x_wconf 85' lang='lat' dir='ltr'><strong>ex-</strong></span> 
     </span>
     <span class='ocr_line' id='line_1_5' title="bbox 260 411 1887 479; baseline 0.001 -23"><span class='ocrx_word' id='word_1_28' title='bbox 260 411 493 469; x_wconf 77' lang='lat' dir='ltr'><strong>peditionis</strong></span> <span class='ocrx_word' id='word_1_29' title='bbox 531 413 645 457; x_wconf 87' lang='lat' dir='ltr'><strong>viam</strong></span> <span class='ocrx_word' id='word_1_30' title='bbox 674 415 925 479; x_wconf 75' lang='lat' dir='ltr'><strong>explorandi</strong></span> <span class='ocrx_word' id='word_1_31' title='bbox 967 412 1112 471; x_wconf 83' lang='lat' dir='ltr'><strong>cupidi</strong></span> <span class='ocrx_word' id='word_1_32' title='bbox 1151 418 1267 458; x_wconf 87' lang='lat' dir='ltr'><strong>terra</strong></span> <span class='ocrx_word' id='word_1_33' title='bbox 1304 415 1386 459; x_wconf 87' lang='lat' dir='ltr'><strong>iter</strong></span> <span class='ocrx_word' id='word_1_34' title='bbox 1416 414 1571 460; x_wconf 84' lang='lat' dir='ltr'><strong>fecisse</strong></span> <span class='ocrx_word' id='word_1_35' title='bbox 1598 414 1811 469; x_wconf 84' lang='lat' dir='ltr'><strong>videntur,</strong></span> <span class='ocrx_word' id='word_1_36' title='bbox 1838 419 1887 458; x_wconf 85' lang='lat' dir='ltr'><strong>ut</strong></span> 
     </span>
     <span class='ocr_line' id='line_1_6' title="bbox 258 477 1886 539; baseline 0.002 -18"><span class='ocrx_word' id='word_1_37' title='bbox 258 479 332 522; x_wconf 88' lang='lat' dir='ltr'><strong>illo</strong></span> <span class='ocrx_word' id='word_1_38' title='bbox 360 484 553 534; x_wconf 84' lang='lat' dir='ltr'><strong>tempore</strong></span> <span class='ocrx_word' id='word_1_39' title='bbox 580 482 782 537; x_wconf 85' lang='lat' dir='ltr'><strong>Polybius</strong></span> <span class='ocrx_word' id='word_1_40' title='bbox 807 477 979 539; x_wconf 85' lang='lat' dir='ltr'><strong>Alpium</strong></span> <span class='ocrx_word' id='word_1_41' title='bbox 1012 483 1181 536; x_wconf 82' lang='lat' dir='ltr'><strong>jugum,</strong></span> <span class='ocrx_word' id='word_1_42' title='bbox 1210 482 1324 536; x_wconf 82' lang='lat' dir='ltr'><strong>quod</strong></span> <span class='ocrx_word' id='word_1_43' title='bbox 1354 483 1573 525; x_wconf 78' lang='lat' dir='ltr'><strong>Hannibal</strong></span> <span class='ocrx_word' id='word_1_44' title='bbox 1594 486 1886 538; x_wconf 83' lang='lat' dir='ltr'><strong>superaverat,</strong></span> 
     </span>
     <span class='ocr_line' id='line_1_7' title="bbox 261 545 1886 605; baseline 0.002 -15"><span class='ocrx_word' id='word_1_45' title='bbox 261 549 450 591; x_wconf 77' lang='lat' dir='ltr'><strong>Insulam</strong></span> <span class='ocrx_word' id='word_1_46' title='bbox 490 549 791 605; x_wconf 87' lang='lat' dir='ltr'><strong>Allobrogum,</strong></span> <span class='ocrx_word' id='word_1_47' title='bbox 833 550 1112 604; x_wconf 80' lang='lat' dir='ltr'><strong>Rhodanum,</strong></span> <span class='ocrx_word' id='word_1_48' title='bbox 1163 545 1426 604; x_wconf 72' lang='lat' dir='ltr'><strong>Massiliam,</strong></span> <span class='ocrx_word' id='word_1_49' title='bbox 1468 550 1656 594; x_wconf 85' lang='lat' dir='ltr'><strong>Galliam</strong></span> <span class='ocrx_word' id='word_1_50' title='bbox 1701 550 1886 604; x_wconf 82' lang='lat' dir='ltr'><strong>denique</strong></span> 
     </span>
     <span class='ocr_line' id='line_1_8' title="bbox 259 615 1886 675; baseline 0.002 -17"><span class='ocrx_word' id='word_1_51' title='bbox 259 615 422 659; x_wconf 85' lang='lat' dir='ltr'><strong>viderit.</strong></span> <span class='ocrx_word' id='word_1_52' title='bbox 472 629 570 660; x_wconf 89' lang='lat' dir='ltr'><strong>nam</strong></span> <span class='ocrx_word' id='word_1_53' title='bbox 599 618 821 675; x_wconf 84' lang='lat' dir='ltr'><strong>Polybium</strong></span> <span class='ocrx_word' id='word_1_54' title='bbox 849 618 927 661; x_wconf 91' lang='lat' dir='ltr'><strong>hoc</strong></span> <span class='ocrx_word' id='word_1_55' title='bbox 956 618 1050 672; x_wconf 88' lang='lat' dir='ltr'><strong>iter,</strong></span> <span class='ocrx_word' id='word_1_56' title='bbox 1076 617 1191 672; x_wconf 85' lang='lat' dir='ltr'><strong>quod</strong></span> <span class='ocrx_word' id='word_1_57' title='bbox 1219 618 1265 659; x_wconf 92' lang='lat' dir='ltr'><strong>in</strong></span> <span class='ocrx_word' id='word_1_58' title='bbox 1296 617 1585 660; x_wconf 90' lang='lat' dir='ltr'><strong>occidentales</strong></span> <span class='ocrx_word' id='word_1_59' title='bbox 1613 618 1812 672; x_wconf 82' lang='lat' dir='ltr'><strong>regiones</strong></span> <span class='ocrx_word' id='word_1_60' title='bbox 1839 631 1886 661; x_wconf 89' lang='lat' dir='ltr'><strong>se</strong></span> 
     </span>
     <span class='ocr_line' id='line_1_9' title="bbox 259 684 1883 741; baseline 0.001 -14"><span class='ocrx_word' id='word_1_61' title='bbox 259 685 500 738; x_wconf 71' lang='lat' dir='ltr'><strong>suscepisse</strong></span> <span class='ocrx_word' id='word_1_62' title='bbox 534 687 667 731; x_wconf 83' lang='lat' dir='ltr'><strong>semel</strong></span> <span class='ocrx_word' id='word_1_63' title='bbox 694 692 824 741; x_wconf 87' lang='lat' dir='ltr'><strong>atque</strong></span> <span class='ocrx_word' id='word_1_64' title='bbox 850 687 1003 730; x_wconf 84' lang='lat' dir='ltr'><strong>iterum</strong></span> <span class='ocrx_word' id='word_1_65' title='bbox 1037 685 1236 739; x_wconf 85' lang='lat' dir='ltr'><strong>affirmat,</strong></span> <span class='ocrx_word' id='word_1_66' title='bbox 1275 698 1360 728; x_wconf 90' lang='lat' dir='ltr'><strong>non</strong></span> <span class='ocrx_word' id='word_1_67' title='bbox 1390 684 1605 740; x_wconf 81' lang='lat' dir='ltr'><strong>privatum</strong></span> <span class='ocrx_word' id='word_1_68' title='bbox 1634 686 1801 741; x_wconf 86' lang='lat' dir='ltr'><strong>fecisse,</strong></span> <span class='ocrx_word' id='word_1_69' title='bbox 1829 700 1883 729; x_wconf 83' lang='lat' dir='ltr'><strong>ex</strong></span> 
     </span>
     <span class='ocr_line' id='line_1_10' title="bbox 259 753 1885 810; baseline 0.001 -16"><span class='ocrx_word' id='word_1_70' title='bbox 259 753 541 796; x_wconf 84' lang='lat' dir='ltr'><strong>contemtione</strong></span> <span class='ocrx_word' id='word_1_71' title='bbox 566 754 643 797; x_wconf 89' lang='lat' dir='ltr'><strong>illa</strong></span> <span class='ocrx_word' id='word_1_72' title='bbox 663 755 810 798; x_wconf 89' lang='lat' dir='ltr'><strong>videre</strong></span> <span class='ocrx_word' id='word_1_73' title='bbox 838 767 1078 810; x_wconf 73' lang='lat' dir='ltr'><strong>possumne,</strong></span> <span class='ocrx_word' id='word_1_74' title='bbox 1109 766 1196 808; x_wconf 89' lang='lat' dir='ltr'><strong>qua</strong></span> <span class='ocrx_word' id='word_1_75' title='bbox 1219 753 1274 796; x_wconf 90' lang='lat' dir='ltr'><strong>de</strong></span> <span class='ocrx_word' id='word_1_76' title='bbox 1303 754 1471 809; x_wconf 84' lang='lat' dir='ltr'><strong>Pythea</strong></span> <span class='ocrx_word' id='word_1_77' title='bbox 1497 753 1695 807; x_wconf 88' lang='lat' dir='ltr'><strong>loquitur,</strong></span> <span class='ocrx_word' id='word_1_78' title='bbox 1725 753 1885 809; x_wconf 88' lang='lat' dir='ltr'><strong>quippe</strong></span> 
     </span>
     <span class='ocr_line' id='line_1_11' title="bbox 258 819 1713 877; baseline 0.001 -14"><span class='ocrx_word' id='word_1_79' title='bbox 258 819 329 874; x_wconf 88' lang='lat' dir='ltr'><strong>qui</strong></span> <span class='ocrx_word' id='word_1_80' title='bbox 356 820 569 877; x_wconf 81' lang='lat' dir='ltr'><strong>privatum</strong></span> <span class='ocrx_word' id='word_1_81' title='bbox 598 835 647 865; x_wconf 88' lang='lat' dir='ltr'><strong>se</strong></span> <span class='ocrx_word' id='word_1_82' title='bbox 670 822 715 865; x_wconf 90' lang='lat' dir='ltr'><strong>in</strong></span> <span class='ocrx_word' id='word_1_83' title='bbox 743 822 1052 867; x_wconf 85' lang='lat' dir='ltr'><strong>remotissimas</strong></span> <span class='ocrx_word' id='word_1_84' title='bbox 1073 826 1213 865; x_wconf 89' lang='lat' dir='ltr'><strong>terras</strong></span> <span class='ocrx_word' id='word_1_85' title='bbox 1239 821 1485 877; x_wconf 84' lang='lat' dir='ltr'><strong>pervenisse</strong></span> <span class='ocrx_word' id='word_1_86' title='bbox 1514 821 1681 864; x_wconf 81' lang='lat' dir='ltr'><strong>dixerit.</strong></span> <span class='ocrx_word' id='word_1_87' title='bbox 1697 824 1713 848; x_wconf 75' lang='lat'><strong><em>2</em></strong></span> 
     </span>
    </p>

    <p class='ocr_par' dir='ltr' id='par_1_3' title="bbox 254 885 1884 1487">
     <span class='ocr_line' id='line_1_12' title="bbox 370 885 1884 947; baseline 0.001 -17"><span class='ocrx_word' id='word_1_88' title='bbox 370 888 412 930; x_wconf 81' lang='lat'><strong>8.</strong></span> <span class='ocrx_word' id='word_1_89' title='bbox 464 889 531 931; x_wconf 91' lang='lat' dir='ltr'><strong>Ab</strong></span> <span class='ocrx_word' id='word_1_90' title='bbox 560 889 639 933; x_wconf 88' lang='lat' dir='ltr'><strong>hoc</strong></span> <span class='ocrx_word' id='word_1_91' title='bbox 667 889 831 945; x_wconf 88' lang='lat' dir='ltr'><strong>itinere,</strong></span> <span class='ocrx_word' id='word_1_92' title='bbox 858 885 946 945; x_wconf 61' lang='lat' dir='ltr'><strong>quo&gt;</strong></span> <span class='ocrx_word' id='word_1_93' title='bbox 967 891 1101 947; x_wconf 83' lang='lat' dir='ltr'><strong>Alpes</strong></span> <span class='ocrx_word' id='word_1_94' title='bbox 1128 889 1237 933; x_wconf 88' lang='lat' dir='ltr'><strong>vidit</strong></span> <span class='ocrx_word' id='word_1_95' title='bbox 1258 894 1301 932; x_wconf 93' lang='lat' dir='ltr'><strong>et</strong></span> <span class='ocrx_word' id='word_1_96' title='bbox 1321 889 1377 931; x_wconf 73' lang='lat' dir='ltr'><strong>inv</strong></span> <span class='ocrx_word' id='word_1_97' title='bbox 1396 888 1542 933; x_wconf 89' lang='lat' dir='ltr'><strong>Gallia</strong></span> <span class='ocrx_word' id='word_1_98' title='bbox 1565 888 1708 932; x_wconf 78' lang='lat' dir='ltr'><strong>Iberia</strong></span> <span class='ocrx_word' id='word_1_99' title='bbox 1737 888 1884 932; x_wconf 81' lang='lat' dir='ltr'><strong>Africa</strong></span> 
     </span>
     <span class='ocr_line' id='line_1_13' title="bbox 257 957 1883 1013; baseline 0 -14"><span class='ocrx_word' id='word_1_100' title='bbox 257 961 543 1000; x_wconf 79' lang='lat' dir='ltr'><strong>commoratus</strong></span> <span class='ocrx_word' id='word_1_101' title='bbox 583 961 664 1011; x_wconf 89' lang='lat' dir='ltr'><strong>est,</strong></span> <span class='ocrx_word' id='word_1_102' title='bbox 709 958 828 1001; x_wconf 81' lang='lat' dir='ltr'><strong>aliud</strong></span> <span class='ocrx_word' id='word_1_103' title='bbox 856 958 1167 1013; x_wconf 87' lang='lat' dir='ltr'><strong>sejungendum</strong></span> <span class='ocrx_word' id='word_1_104' title='bbox 1197 961 1275 1011; x_wconf 89' lang='lat' dir='ltr'><strong>est,</strong></span> <span class='ocrx_word' id='word_1_105' title='bbox 1318 969 1400 1011; x_wconf 89' lang='lat' dir='ltr'><strong>quo</strong></span> <span class='ocrx_word' id='word_1_106' title='bbox 1432 957 1607 999; x_wconf 90' lang='lat' dir='ltr'><strong>Africae</strong></span> <span class='ocrx_word' id='word_1_107' title='bbox 1644 969 1764 999; x_wconf 89' lang='lat' dir='ltr'><strong>oram</strong></span> <span class='ocrx_word' id='word_1_108' title='bbox 1788 969 1883 1012; x_wconf 85' lang='lat' dir='ltr'><strong>sep-</strong></span> 
     </span>
     <span class='ocr_line' id='line_1_14' title="bbox 254 1024 1882 1080; baseline 0 -14"><span class='ocrx_word' id='word_1_109' title='bbox 254 1024 548 1068; x_wconf 84' lang='lat' dir='ltr'><strong>tentrionalem</strong></span> <span class='ocrx_word' id='word_1_110' title='bbox 597 1028 726 1079; x_wconf 89' lang='lat' dir='ltr'><strong>atque</strong></span> <span class='ocrx_word' id='word_1_111' title='bbox 782 1026 1087 1069; x_wconf 84' lang='lat' dir='ltr'><strong>occidentalem</strong></span> <span class='ocrx_word' id='word_1_112' title='bbox 1134 1029 1177 1068; x_wconf 92' lang='lat' dir='ltr'><strong>et</strong></span> <span class='ocrx_word' id='word_1_113' title='bbox 1227 1037 1346 1067; x_wconf 86' lang='lat' dir='ltr'><strong>mare</strong></span> <span class='ocrx_word' id='word_1_114' title='bbox 1390 1029 1582 1068; x_wconf 87' lang='lat' dir='ltr'><strong>exterum</strong></span> <span class='ocrx_word' id='word_1_115' title='bbox 1630 1024 1882 1080; x_wconf 84' lang='lat' dir='ltr'><strong>exploravit,</strong></span> 
     </span>
     <span class='ocr_line' id='line_1_15' title="bbox 257 1091 1881 1148; baseline 0.001 -15"><span class='ocrx_word' id='word_1_116' title='bbox 257 1091 456 1146; x_wconf 83' lang='lat' dir='ltr'><strong>Scipione</strong></span> <span class='ocrx_word' id='word_1_117' title='bbox 472 1091 714 1135; x_wconf 88' lang='lat' dir='ltr'><strong>Aemiliano</strong></span> <span class='ocrx_word' id='word_1_118' title='bbox 741 1094 1047 1148; x_wconf 80' lang='lat' dir='ltr'><strong>Carthaginem</strong></span> <span class='ocrx_word' id='word_1_119' title='bbox 1078 1096 1368 1148; x_wconf 87' lang='lat' dir='ltr'><strong>oppugnante,</strong></span> <span class='ocrx_word' id='word_1_120' title='bbox 1383 1095 1400 1118; x_wconf 77' lang='lat'>³</span> <span class='ocrx_word' id='word_1_121' title='bbox 1428 1092 1482 1134; x_wconf 90' lang='lat' dir='ltr'><strong>de</strong></span> <span class='ocrx_word' id='word_1_122' title='bbox 1505 1105 1587 1145; x_wconf 91' lang='lat' dir='ltr'><strong>quo</strong></span> <span class='ocrx_word' id='word_1_123' title='bbox 1616 1092 1769 1135; x_wconf 87' lang='lat' dir='ltr'><strong>itinere</strong></span> <span class='ocrx_word' id='word_1_124' title='bbox 1786 1092 1881 1146; x_wconf 81' lang='lat' dir='ltr'><strong>jam</strong></span> 
     </span>
     <span class='ocr_line' id='line_1_16' title="bbox 256 1158 1881 1216; baseline 0 -15"><span class='ocrx_word' id='word_1_125' title='bbox 256 1162 358 1201; x_wconf 88' lang='lat' dir='ltr'><strong>ante</strong></span> <span class='ocrx_word' id='word_1_126' title='bbox 381 1158 685 1215; x_wconf 82' lang='lat' dir='ltr'><strong>Carthaginem</strong></span> <span class='ocrx_word' id='word_1_127' title='bbox 711 1164 1001 1216; x_wconf 82' lang='lat' dir='ltr'><strong>expugnatam</strong></span> <span class='ocrx_word' id='word_1_128' title='bbox 1026 1159 1255 1202; x_wconf 61' lang='lat' dir='ltr'><strong>redierat.4</strong></span> <span class='ocrx_word' id='word_1_129' title='bbox 1293 1158 1467 1214; x_wconf 88' lang='lat' dir='ltr'><strong>saepius</strong></span> <span class='ocrx_word' id='word_1_130' title='bbox 1490 1159 1734 1216; x_wconf 86' lang='lat' dir='ltr'><strong>Aegyptum</strong></span> <span class='ocrx_word' id='word_1_131' title='bbox 1762 1158 1881 1211; x_wconf 87' lang='lat' dir='ltr'><strong>vidit,</strong></span> 
     </span>
     <span class='ocr_line' id='line_1_17' title="bbox 254 1225 1881 1284; baseline 0.001 -17"><span class='ocrx_word' id='word_1_132' title='bbox 254 1225 495 1269; x_wconf 84' lang='lat' dir='ltr'><strong>Ptolemaeo</strong></span> <span class='ocrx_word' id='word_1_133' title='bbox 527 1228 560 1270; x_wconf 96' lang='lat' dir='ltr'>V</span> <span class='ocrx_word' id='word_1_134' title='bbox 591 1228 816 1284; x_wconf 87' lang='lat' dir='ltr'><strong>Epiphane</strong></span> <span class='ocrx_word' id='word_1_135' title='bbox 852 1232 1060 1283; x_wconf 83' lang='lat' dir='ltr'><strong>regnante</strong></span> <span class='ocrx_word' id='word_1_136' title='bbox 1089 1232 1133 1270; x_wconf 82' lang='lat' dir='ltr'><strong>et</strong></span> <span class='ocrx_word' id='word_1_137' title='bbox 1155 1226 1398 1270; x_wconf 74' lang='lat' dir='ltr'><strong>Ptolemaeo</strong></span> <span class='ocrx_word' id='word_1_138' title='bbox 1420 1227 1503 1269; x_wconf 82' lang='lat' dir='ltr'><strong>Vn</strong></span> <span class='ocrx_word' id='word_1_139' title='bbox 1527 1228 1744 1281; x_wconf 83' lang='lat' dir='ltr'><strong>Euergeta</strong></span> <span class='ocrx_word' id='word_1_140' title='bbox 1772 1227 1881 1283; x_wconf 84' lang='lat' dir='ltr'><strong>Phy-</strong></span> 
     </span>
     <span class='ocr_line' id='line_1_18' title="bbox 256 1293 1882 1351; baseline 0 -15"><span class='ocrx_word' id='word_1_141' title='bbox 256 1305 396 1337; x_wconf 86' lang='lat' dir='ltr'><strong>scone.</strong></span> <span class='ocrx_word' id='word_1_142' title='bbox 412 1296 426 1318; x_wconf 68' lang='lat'><strong>⁵</strong></span> <span class='ocrx_word' id='word_1_143' title='bbox 477 1295 686 1339; x_wconf 78' lang='lat' dir='ltr'><strong>Sardibus</strong></span> <span class='ocrx_word' id='word_1_144' title='bbox 712 1298 809 1351; x_wconf 85' lang='lat' dir='ltr'><strong>fuit,</strong></span> <span class='ocrx_word' id='word_1_145' title='bbox 825 1299 843 1325; x_wconf 70' lang='grc' dir='ltr'><strong>θ</strong></span> <span class='ocrx_word' id='word_1_146' title='bbox 871 1297 1055 1339; x_wconf 88' lang='lat' dir='ltr'><strong>fortasse</strong></span> <span class='ocrx_word' id='word_1_147' title='bbox 1097 1295 1229 1339; x_wconf 85' lang='lat' dir='ltr'><strong>etiam</strong></span> <span class='ocrx_word' id='word_1_148' title='bbox 1270 1294 1315 1337; x_wconf 91' lang='lat' dir='ltr'><strong>in</strong></span> <span class='ocrx_word' id='word_1_149' title='bbox 1353 1294 1458 1337; x_wconf 91' lang='lat' dir='ltr'><strong>urbe</strong></span> <span class='ocrx_word' id='word_1_150' title='bbox 1487 1293 1764 1349; x_wconf 88' lang='lat' dir='ltr'><strong>Rhodiorum,</strong></span> <span class='ocrx_word' id='word_1_151' title='bbox 1778 1297 1794 1322; x_wconf 84' lang='lat'>⁷</span> <span class='ocrx_word' id='word_1_152' title='bbox 1838 1299 1882 1337; x_wconf 90' lang='lat' dir='ltr'><strong>et</strong></span> 
     </span>
     <span class='ocr_line' id='line_1_19' title="bbox 254 1360 1880 1419; baseline 0.001 -15"><span class='ocrx_word' id='word_1_153' title='bbox 254 1361 588 1417; x_wconf 82' lang='lat' dir='ltr'><strong>Hellespontum,</strong></span> <span class='ocrx_word' id='word_1_154' title='bbox 619 1363 930 1419; x_wconf 85' lang='lat' dir='ltr'><strong>Propontidem,</strong></span> <span class='ocrx_word' id='word_1_155' title='bbox 960 1364 1207 1419; x_wconf 82' lang='lat' dir='ltr'><strong>Bosporum,</strong></span> <span class='ocrx_word' id='word_1_156' title='bbox 1251 1362 1432 1405; x_wconf 92' lang='lat' dir='ltr'><strong>Pontum</strong></span> <span class='ocrx_word' id='word_1_157' title='bbox 1462 1360 1566 1415; x_wconf 90' lang='lat' dir='ltr'><strong>quin</strong></span> <span class='ocrx_word' id='word_1_158' title='bbox 1593 1361 1758 1415; x_wconf 85' lang='lat' dir='ltr'><strong>viderit,</strong></span> <span class='ocrx_word' id='word_1_159' title='bbox 1804 1362 1880 1405; x_wconf 85' lang='lat' dir='ltr'><strong>du-</strong></span> 
     </span>
     <span class='ocr_line' id='line_1_20' title="bbox 255 1428 1880 1487; baseline 0.001 -17"><span class='ocrx_word' id='word_1_160' title='bbox 255 1428 383 1471; x_wconf 88' lang='lat' dir='ltr'><strong>bitari</strong></span> <span class='ocrx_word' id='word_1_161' title='bbox 412 1442 498 1471; x_wconf 88' lang='lat' dir='ltr'><strong>non</strong></span> <span class='ocrx_word' id='word_1_162' title='bbox 544 1435 696 1485; x_wconf 88' lang='lat' dir='ltr'><strong>potest.</strong></span> <span class='ocrx_word' id='word_1_163' title='bbox 749 1432 793 1473; x_wconf 86' lang='lat' dir='ltr'><strong>in</strong></span> <span class='ocrx_word' id='word_1_164' title='bbox 824 1432 953 1474; x_wconf 89' lang='lat' dir='ltr'><strong>ltalia</strong></span> <span class='ocrx_word' id='word_1_165' title='bbox 981 1444 1058 1487; x_wconf 89' lang='lat' dir='ltr'><strong>per</strong></span> <span class='ocrx_word' id='word_1_166' title='bbox 1096 1432 1251 1472; x_wconf 85' lang='lat' dir='ltr'><strong>multos</strong></span> <span class='ocrx_word' id='word_1_167' title='bbox 1295 1429 1389 1472; x_wconf 89' lang='lat' dir='ltr'><strong>illos</strong></span> <span class='ocrx_word' id='word_1_168' title='bbox 1426 1442 1562 1471; x_wconf 89' lang='lat' dir='ltr'><strong>annos</strong></span> <span class='ocrx_word' id='word_1_169' title='bbox 1592 1434 1880 1472; x_wconf 71' lang='lat' dir='ltr'><strong>commoratus</strong></span> 
     </span>
    </p>
   </div>
   <div class='ocr_carea' id='block_1_3' title="bbox 245 1496 1879 2784">
    <p class='ocr_par' dir='ltr' id='par_1_4' title="bbox 251 1496 1879 1962">
     <span class='ocr_line' id='line_1_21' title="bbox 253 1496 1878 1559; baseline 0.001 -21"><span class='ocrx_word' id='word_1_170' title='bbox 253 1497 410 1551; x_wconf 90' lang='lat' dir='ltr'><strong>optime</strong></span> <span class='ocrx_word' id='word_1_171' title='bbox 452 1502 495 1540; x_wconf 92' lang='lat' dir='ltr'><strong>et</strong></span> <span class='ocrx_word' id='word_1_172' title='bbox 533 1499 675 1553; x_wconf 85' lang='lat' dir='ltr'><strong>ipsam</strong></span> <span class='ocrx_word' id='word_1_173' title='bbox 712 1499 821 1542; x_wconf 89' lang='lat' dir='ltr'><strong>hanc</strong></span> <span class='ocrx_word' id='word_1_174' title='bbox 858 1504 1016 1542; x_wconf 88' lang='lat' dir='ltr'><strong>terram</strong></span> <span class='ocrx_word' id='word_1_175' title='bbox 1056 1504 1099 1541; x_wconf 89' lang='lat' dir='ltr'><strong>et</strong></span> <span class='ocrx_word' id='word_1_176' title='bbox 1126 1499 1377 1559; x_wconf 81' lang='lat' dir='ltr'><strong>adjacentes</strong></span> <span class='ocrx_word' id='word_1_177' title='bbox 1406 1497 1448 1539; x_wconf 88' lang='lat' dir='ltr'><strong>ei</strong></span> <span class='ocrx_word' id='word_1_178' title='bbox 1472 1497 1638 1540; x_wconf 84' lang='lat' dir='ltr'><strong>insulas</strong></span> <span class='ocrx_word' id='word_1_179' title='bbox 1665 1496 1878 1551; x_wconf 86' lang='lat' dir='ltr'><strong>cognovit.</strong></span> 
     </span>
     <span class='ocr_line' id='line_1_22' title="bbox 253 1556 1879 1621; baseline -0.001 -14"><span class='ocrx_word' id='word_1_180' title='bbox 253 1565 462 1608; x_wconf 72' lang='lat' dir='ltr'><strong>Graeciae</strong></span> <span class='ocrx_word' id='word_1_181' title='bbox 492 1571 635 1609; x_wconf 89' lang='lat' dir='ltr'><strong>autem</strong></span> <span class='ocrx_word' id='word_1_182' title='bbox 670 1567 735 1610; x_wconf 89' lang='lat' dir='ltr'><strong>vir</strong></span> <span class='ocrx_word' id='word_1_183' title='bbox 758 1566 802 1610; x_wconf 90' lang='lat' dir='ltr'><strong>in</strong></span> <span class='ocrx_word' id='word_1_184' title='bbox 827 1566 1171 1610; x_wconf 85' lang='lat' dir='ltr'><strong>administranda</strong></span> <span class='ocrx_word' id='word_1_185' title='bbox 1194 1556 1415 1621; x_wconf 88' lang='lat' dir='ltr'><strong>republiea</strong></span> <span class='ocrx_word' id='word_1_186' title='bbox 1446 1569 1642 1608; x_wconf 84' lang='lat' dir='ltr'><strong>versatus</strong></span> <span class='ocrx_word' id='word_1_187' title='bbox 1671 1564 1879 1620; x_wconf 86' lang='lat' dir='ltr'><strong>plurimas</strong></span> 
     </span>
     <span class='ocr_line' id='line_1_23' title="bbox 253 1632 1878 1692; baseline -0.001 -16"><span class='ocrx_word' id='word_1_188' title='bbox 253 1638 398 1687; x_wconf 90' lang='lat' dir='ltr'><strong>partes</strong></span> <span class='ocrx_word' id='word_1_189' title='bbox 427 1634 520 1677; x_wconf 88' lang='lat' dir='ltr'><strong>sine</strong></span> <span class='ocrx_word' id='word_1_190' title='bbox 551 1635 681 1678; x_wconf 90' lang='lat' dir='ltr'><strong>dubio</strong></span> <span class='ocrx_word' id='word_1_191' title='bbox 712 1636 909 1692; x_wconf 86' lang='lat' dir='ltr'><strong>inspexit.</strong></span> <span class='ocrx_word' id='word_1_192' title='bbox 967 1648 1077 1689; x_wconf 87' lang='lat' dir='ltr'><strong>quas</strong></span> <span class='ocrx_word' id='word_1_193' title='bbox 1106 1640 1243 1678; x_wconf 84' lang='lat' dir='ltr'><strong>terras</strong></span> <span class='ocrx_word' id='word_1_194' title='bbox 1271 1635 1365 1690; x_wconf 89' lang='lat' dir='ltr'><strong>ipse</strong></span> <span class='ocrx_word' id='word_1_195' title='bbox 1394 1648 1480 1678; x_wconf 89' lang='lat' dir='ltr'><strong>non</strong></span> <span class='ocrx_word' id='word_1_196' title='bbox 1508 1634 1687 1687; x_wconf 82' lang='lat' dir='ltr'><strong>viderat,</strong></span> <span class='ocrx_word' id='word_1_197' title='bbox 1733 1633 1788 1675; x_wconf 91' lang='lat' dir='ltr'><strong>de</strong></span> <span class='ocrx_word' id='word_1_198' title='bbox 1815 1632 1878 1674; x_wconf 86' lang='lat' dir='ltr'><strong>eis</strong></span> 
     </span>
     <span class='ocr_line' id='line_1_24' title="bbox 252 1700 1879 1757; baseline -0.001 -13"><span class='ocrx_word' id='word_1_199' title='bbox 252 1702 424 1757; x_wconf 83' lang='lat' dir='ltr'><strong>optimis</strong></span> <span class='ocrx_word' id='word_1_200' title='bbox 455 1704 699 1747; x_wconf 86' lang='lat' dir='ltr'><strong>auctoribus</strong></span> <span class='ocrx_word' id='word_1_201' title='bbox 731 1717 835 1748; x_wconf 89' lang='lat' dir='ltr'><strong>usus</strong></span> <span class='ocrx_word' id='word_1_202' title='bbox 864 1709 940 1757; x_wconf 88' lang='lat' dir='ltr'><strong>est,</strong></span> <span class='ocrx_word' id='word_1_203' title='bbox 984 1709 1031 1747; x_wconf 92' lang='lat' dir='ltr'><strong>ut</strong></span> <span class='ocrx_word' id='word_1_204' title='bbox 1065 1705 1119 1747; x_wconf 89' lang='lat' dir='ltr'><strong>de</strong></span> <span class='ocrx_word' id='word_1_205' title='bbox 1142 1704 1248 1747; x_wconf 87' lang='lat' dir='ltr'><strong>Asia</strong></span> <span class='ocrx_word' id='word_1_206' title='bbox 1278 1703 1574 1757; x_wconf 85' lang='lat' dir='ltr'><strong>Eratosthene,</strong></span> <span class='ocrx_word' id='word_1_207' title='bbox 1588 1704 1605 1730; x_wconf 78' lang='grc'>8</span> <span class='ocrx_word' id='word_1_208' title='bbox 1647 1701 1702 1745; x_wconf 90' lang='lat' dir='ltr'><strong>de</strong></span> <span class='ocrx_word' id='word_1_209' title='bbox 1729 1700 1879 1743; x_wconf 84' lang='lat' dir='ltr'><strong>Africa</strong></span> 
     </span>
     <span class='ocr_line' id='line_1_25' title="bbox 253 1768 1879 1827; baseline -0.001 -14"><span class='ocrx_word' id='word_1_210' title='bbox 253 1770 418 1814; x_wconf 84' lang='lat' dir='ltr'><strong>Gulusa</strong></span> <span class='ocrx_word' id='word_1_211' title='bbox 446 1773 610 1827; x_wconf 86' lang='lat' dir='ltr'><strong>regu10,</strong></span> <span class='ocrx_word' id='word_1_212' title='bbox 626 1777 642 1800; x_wconf 73' lang='lat'><strong>‘³</strong></span> <span class='ocrx_word' id='word_1_213' title='bbox 674 1774 751 1816; x_wconf 88' lang='lat' dir='ltr'><strong>sed</strong></span> <span class='ocrx_word' id='word_1_214' title='bbox 781 1773 909 1816; x_wconf 91' lang='lat' dir='ltr'><strong>etiam</strong></span> <span class='ocrx_word' id='word_1_215' title='bbox 947 1772 1127 1815; x_wconf 86' lang='lat' dir='ltr'><strong>aliorum</strong></span> <span class='ocrx_word' id='word_1_216' title='bbox 1166 1772 1297 1815; x_wconf 86' lang='lat' dir='ltr'><strong>libros</strong></span> <span class='ocrx_word' id='word_1_217' title='bbox 1324 1784 1420 1815; x_wconf 92' lang='lat' dir='ltr'><strong>eum</strong></span> <span class='ocrx_word' id='word_1_218' title='bbox 1452 1784 1537 1814; x_wconf 89' lang='lat' dir='ltr'><strong>non</strong></span> <span class='ocrx_word' id='word_1_219' title='bbox 1562 1769 1803 1825; x_wconf 79' lang='lat' dir='ltr'><strong>neglexisse</strong></span> <span class='ocrx_word' id='word_1_220' title='bbox 1832 1768 1879 1811; x_wconf 91' lang='lat' dir='ltr'><strong>in</strong></span> 
     </span>
     <span class='ocr_line' id='line_1_26' title="bbox 252 1836 1877 1897; baseline -0.001 -17"><span class='ocrx_word' id='word_1_221' title='bbox 252 1837 376 1881; x_wconf 84' lang='lat' dir='ltr'><strong>terris</strong></span> <span class='ocrx_word' id='word_1_222' title='bbox 408 1839 714 1895; x_wconf 89' lang='lat' dir='ltr'><strong>describendis,</strong></span> <span class='ocrx_word' id='word_1_223' title='bbox 746 1854 853 1895; x_wconf 85' lang='lat' dir='ltr'><strong>quas</strong></span> <span class='ocrx_word' id='word_1_224' title='bbox 880 1842 973 1897; x_wconf 89' lang='lat' dir='ltr'><strong>ipse</strong></span> <span class='ocrx_word' id='word_1_225' title='bbox 1001 1841 1179 1894; x_wconf 89' lang='lat' dir='ltr'><strong>viderat,</strong></span> <span class='ocrx_word' id='word_1_226' title='bbox 1205 1853 1258 1883; x_wconf 85' lang='lat' dir='ltr'><strong>ex</strong></span> <span class='ocrx_word' id='word_1_227' title='bbox 1285 1853 1336 1883; x_wconf 91' lang='lat' dir='ltr'><strong>eo</strong></span> <span class='ocrx_word' id='word_1_228' title='bbox 1360 1844 1555 1894; x_wconf 86' lang='lat' dir='ltr'><strong>apparet,</strong></span> <span class='ocrx_word' id='word_1_229' title='bbox 1584 1837 1697 1892; x_wconf 90' lang='lat' dir='ltr'><strong>quod</strong></span> <span class='ocrx_word' id='word_1_230' title='bbox 1727 1836 1877 1880; x_wconf 86' lang='lat' dir='ltr'><strong>multo-</strong></span> 
     </span>
     <span class='ocr_line' id='line_1_27' title="bbox 251 1908 1018 1962; baseline 0.005 -16"><span class='ocrx_word' id='word_1_231' title='bbox 251 1918 342 1946; x_wconf 92' lang='lat' dir='ltr'><strong>rum</strong></span> <span class='ocrx_word' id='word_1_232' title='bbox 373 1919 535 1949; x_wconf 88' lang='lat' dir='ltr'><strong>errores</strong></span> <span class='ocrx_word' id='word_1_233' title='bbox 564 1908 765 1950; x_wconf 89' lang='lat' dir='ltr'><strong>studebat</strong></span> <span class='ocrx_word' id='word_1_234' title='bbox 795 1909 1018 1962; x_wconf 83' lang='lat' dir='ltr'><strong>corrigere.</strong></span> 
     </span>
    </p>

    <p class='ocr_par' dir='ltr' id='par_1_5' title="bbox 245 1972 1877 2784">
     <span class='ocr_line' id='line_1_28' title="bbox 365 1972 1877 2031; baseline -0.001 -16"><span class='ocrx_word' id='word_1_235' title='bbox 365 1972 402 2015; x_wconf 83' lang='lat'><strong>9.</strong></span> <span class='ocrx_word' id='word_1_236' title='bbox 454 1975 617 2018; x_wconf 86' lang='lat' dir='ltr'><strong>Tamen</strong></span> <span class='ocrx_word' id='word_1_237' title='bbox 646 1989 755 2030; x_wconf 86' lang='lat' dir='ltr'><strong>quas</strong></span> <span class='ocrx_word' id='word_1_238' title='bbox 779 1981 987 2020; x_wconf 84' lang='lat' dir='ltr'><strong>terrarum</strong></span> <span class='ocrx_word' id='word_1_239' title='bbox 1012 1978 1180 2020; x_wconf 84' lang='lat' dir='ltr'><strong>illarum</strong></span> <span class='ocrx_word' id='word_1_240' title='bbox 1211 1977 1408 2031; x_wconf 86' lang='lat' dir='ltr'><strong>regiones</strong></span> <span class='ocrx_word' id='word_1_241' title='bbox 1439 1975 1530 2030; x_wconf 86' lang='lat' dir='ltr'><strong>ipse</strong></span> <span class='ocrx_word' id='word_1_242' title='bbox 1561 1974 1727 2018; x_wconf 90' lang='lat' dir='ltr'><strong>viderat</strong></span> <span class='ocrx_word' id='word_1_243' title='bbox 1747 1975 1877 2026; x_wconf 88' lang='lat' dir='ltr'><strong>atque</strong></span> 
     </span>
     <span class='ocr_line' id='line_1_29' title="bbox 249 2041 1877 2101; baseline -0.001 -17"><span class='ocrx_word' id='word_1_244' title='bbox 249 2046 520 2097; x_wconf 86' lang='lat' dir='ltr'><strong>cognoverat,</strong></span> <span class='ocrx_word' id='word_1_245' title='bbox 564 2044 724 2098; x_wconf 83' lang='lat' dir='ltr'><strong>exigua</strong></span> <span class='ocrx_word' id='word_1_246' title='bbox 753 2050 845 2087; x_wconf 88' lang='lat' dir='ltr'><strong>erat</strong></span> <span class='ocrx_word' id='word_1_247' title='bbox 876 2059 1021 2088; x_wconf 87' lang='lat' dir='ltr'><strong>earum</strong></span> <span class='ocrx_word' id='word_1_248' title='bbox 1043 2058 1156 2101; x_wconf 89' lang='lat' dir='ltr'><strong>pars,</strong></span> <span class='ocrx_word' id='word_1_249' title='bbox 1188 2059 1282 2088; x_wconf 90' lang='lat' dir='ltr'><strong>cum</strong></span> <span class='ocrx_word' id='word_1_250' title='bbox 1315 2043 1485 2089; x_wconf 88' lang='lat' dir='ltr'><strong>Galliae</strong></span> <span class='ocrx_word' id='word_1_251' title='bbox 1516 2044 1682 2086; x_wconf 82' lang='lat' dir='ltr'><strong>iberiae</strong></span> <span class='ocrx_word' id='word_1_252' title='bbox 1705 2041 1877 2084; x_wconf 86' lang='lat' dir='ltr'><strong>Africae</strong></span> 
     </span>
     <span class='ocr_line' id='line_1_30' title="bbox 248 2102 1875 2168; baseline 0 -16"><span class='ocrx_word' id='word_1_253' title='bbox 248 2111 362 2153; x_wconf 78' lang='lat' dir='ltr'><strong>solas</strong></span> <span class='ocrx_word' id='word_1_254' title='bbox 404 2123 503 2154; x_wconf 87' lang='lat' dir='ltr'><strong>oras</strong></span> <span class='ocrx_word' id='word_1_255' title='bbox 539 2112 734 2155; x_wconf 87' lang='lat' dir='ltr'><strong>exactius</strong></span> <span class='ocrx_word' id='word_1_256' title='bbox 764 2118 921 2168; x_wconf 88' lang='lat' dir='ltr'><strong>nosset,</strong></span> <span class='ocrx_word' id='word_1_257' title='bbox 949 2114 1288 2156; x_wconf 84' lang='lat' dir='ltr'><strong>mediterraneae</strong></span> <span class='ocrx_word' id='word_1_258' title='bbox 1333 2119 1472 2156; x_wconf 84' lang='lat' dir='ltr'><strong>autem</strong></span> <span class='ocrx_word' id='word_1_259' title='bbox 1506 2113 1704 2167; x_wconf 88' lang='lat' dir='ltr'><strong>regiones</strong></span> <span class='ocrx_word' id='word_1_260' title='bbox 1743 2102 1875 2153; x_wconf 81' lang='lat' dir='ltr'><strong>multo</strong></span> 
     </span>
     <span class='ocr_line' id='line_1_31' title="bbox 250 2180 1875 2237; baseline 0 -15"><span class='ocrx_word' id='word_1_261' title='bbox 250 2180 380 2222; x_wconf 86' lang='lat' dir='ltr'><strong>etiam</strong></span> <span class='ocrx_word' id='word_1_262' title='bbox 409 2187 507 2236; x_wconf 89' lang='lat' dir='ltr'><strong>post</strong></span> <span class='ocrx_word' id='word_1_263' title='bbox 554 2182 642 2225; x_wconf 88' lang='lat' dir='ltr'><strong>fere</strong></span> <span class='ocrx_word' id='word_1_264' title='bbox 686 2183 857 2237; x_wconf 89' lang='lat' dir='ltr'><strong>penitus</strong></span> <span class='ocrx_word' id='word_1_265' title='bbox 897 2184 1071 2237; x_wconf 87' lang='lat' dir='ltr'><strong>ignotae</strong></span> <span class='ocrx_word' id='word_1_266' title='bbox 1112 2188 1267 2225; x_wconf 89' lang='lat' dir='ltr'><strong>essent.</strong></span> <span class='ocrx_word' id='word_1_267' title='bbox 1329 2197 1383 2225; x_wconf 91' lang='lat' dir='ltr'><strong>ne</strong></span> <span class='ocrx_word' id='word_1_268' title='bbox 1420 2183 1591 2225; x_wconf 88' lang='lat' dir='ltr'><strong>fabulas</strong></span> <span class='ocrx_word' id='word_1_269' title='bbox 1621 2181 1793 2235; x_wconf 91' lang='lat' dir='ltr'><strong>quidem</strong></span> <span class='ocrx_word' id='word_1_270' title='bbox 1820 2181 1875 2222; x_wconf 89' lang='lat' dir='ltr'><strong>de</strong></span> 
     </span>
     <span class='ocr_line' id='line_1_32' title="bbox 249 2248 1875 2307; baseline -0.001 -16"><span class='ocrx_word' id='word_1_271' title='bbox 249 2252 394 2293; x_wconf 85' lang='lat' dir='ltr'><strong>extero</strong></span> <span class='ocrx_word' id='word_1_272' title='bbox 436 2250 544 2293; x_wconf 89' lang='lat' dir='ltr'><strong>mari</strong></span> <span class='ocrx_word' id='word_1_273' title='bbox 585 2251 701 2307; x_wconf 88' lang='lat' dir='ltr'><strong>apud</strong></span> <span class='ocrx_word' id='word_1_274' title='bbox 744 2265 890 2295; x_wconf 92' lang='lat' dir='ltr'><strong>omnes</strong></span> <span class='ocrx_word' id='word_1_275' title='bbox 943 2252 1223 2307; x_wconf 88' lang='lat' dir='ltr'><strong>pervulgatas</strong></span> <span class='ocrx_word' id='word_1_276' title='bbox 1268 2250 1493 2294; x_wconf 87' lang='lat' dir='ltr'><strong>itineribus</strong></span> <span class='ocrx_word' id='word_1_277' title='bbox 1537 2250 1627 2293; x_wconf 86' lang='lat' dir='ltr'><strong>suis</strong></span> <span class='ocrx_word' id='word_1_278' title='bbox 1673 2254 1715 2292; x_wconf 90' lang='lat' dir='ltr'><strong>et</strong></span> <span class='ocrx_word' id='word_1_279' title='bbox 1755 2248 1875 2291; x_wconf 88' lang='lat' dir='ltr'><strong>libris</strong></span> 
     </span>
     <span class='ocr_line' id='line_1_33' title="bbox 247 2311 1876 2374; baseline -0.001 -15"><span class='ocrx_word' id='word_1_280' title='bbox 247 2318 486 2373; x_wconf 88' lang='lat' dir='ltr'><strong>opprimere</strong></span> <span class='ocrx_word' id='word_1_281' title='bbox 513 2319 664 2374; x_wconf 86' lang='lat' dir='ltr'><strong>potuit,</strong></span> <span class='ocrx_word' id='word_1_282' title='bbox 691 2321 766 2362; x_wconf 90' lang='lat' dir='ltr'><strong>sed</strong></span> <span class='ocrx_word' id='word_1_283' title='bbox 806 2333 899 2362; x_wconf 91' lang='lat' dir='ltr'><strong>cum</strong></span> <span class='ocrx_word' id='word_1_284' title='bbox 929 2320 1035 2373; x_wconf 84' lang='lat' dir='ltr'><strong>ipse,</strong></span> <span class='ocrx_word' id='word_1_285' title='bbox 1065 2332 1175 2374; x_wconf 90' lang='lat' dir='ltr'><strong>quae</strong></span> <span class='ocrx_word' id='word_1_286' title='bbox 1205 2320 1295 2362; x_wconf 88' lang='lat' dir='ltr'><strong>suis</strong></span> <span class='ocrx_word' id='word_1_287' title='bbox 1324 2311 1457 2362; x_wconf 86' lang='lat' dir='ltr'><strong>oculis</strong></span> <span class='ocrx_word' id='word_1_288' title='bbox 1484 2319 1653 2361; x_wconf 83' lang='lat' dir='ltr'><strong>viderat</strong></span> <span class='ocrx_word' id='word_1_289' title='bbox 1681 2329 1876 2371; x_wconf 90' lang='lat' dir='ltr'><strong>quaeque</strong></span> 
     </span>
     <span class='ocr_line' id='line_1_34' title="bbox 247 2385 1876 2444; baseline -0.001 -16"><span class='ocrx_word' id='word_1_290' title='bbox 247 2398 349 2429; x_wconf 88' lang='lat' dir='ltr'><strong>vera</strong></span> <span class='ocrx_word' id='word_1_291' title='bbox 375 2399 470 2430; x_wconf 86' lang='lat' dir='ltr'><strong>esse</strong></span> <span class='ocrx_word' id='word_1_292' title='bbox 499 2395 747 2442; x_wconf 83' lang='lat' dir='ltr'><strong>agnoverat,</strong></span> <span class='ocrx_word' id='word_1_293' title='bbox 783 2388 955 2444; x_wconf 89' lang='lat' dir='ltr'><strong>plurimi</strong></span> <span class='ocrx_word' id='word_1_294' title='bbox 984 2387 1227 2431; x_wconf 84' lang='lat' dir='ltr'><strong>aestimaret</strong></span> <span class='ocrx_word' id='word_1_295' title='bbox 1259 2393 1302 2431; x_wconf 90' lang='lat' dir='ltr'><strong>et</strong></span> <span class='ocrx_word' id='word_1_296' title='bbox 1325 2401 1352 2430; x_wconf 89' lang='lat' dir='ltr'><strong>a</strong></span> <span class='ocrx_word' id='word_1_297' title='bbox 1381 2387 1500 2430; x_wconf 86' lang='lat' dir='ltr'><strong>libris</strong></span> <span class='ocrx_word' id='word_1_298' title='bbox 1529 2386 1619 2429; x_wconf 88' lang='lat' dir='ltr'><strong>suis</strong></span> <span class='ocrx_word' id='word_1_299' title='bbox 1647 2385 1876 2441; x_wconf 88' lang='lat' dir='ltr'><strong>populares</strong></span> 
     </span>
     <span class='ocr_line' id='line_1_35' title="bbox 247 2453 1876 2511; baseline -0.001 -16"><span class='ocrx_word' id='word_1_300' title='bbox 247 2453 346 2497; x_wconf 88' lang='lat' dir='ltr'><strong>illas</strong></span> <span class='ocrx_word' id='word_1_301' title='bbox 383 2455 554 2498; x_wconf 80' lang='lat' dir='ltr'><strong>tabulas</strong></span> <span class='ocrx_word' id='word_1_302' title='bbox 595 2456 818 2511; x_wconf 89' lang='lat' dir='ltr'><strong>prohibere</strong></span> <span class='ocrx_word' id='word_1_303' title='bbox 858 2457 1059 2510; x_wconf 88' lang='lat' dir='ltr'><strong>studeret,</strong></span> <span class='ocrx_word' id='word_1_304' title='bbox 1106 2456 1259 2510; x_wconf 88' lang='lat' dir='ltr'><strong>quibus</strong></span> <span class='ocrx_word' id='word_1_305' title='bbox 1297 2461 1388 2498; x_wconf 91' lang='lat' dir='ltr'><strong>tum</strong></span> <span class='ocrx_word' id='word_1_306' title='bbox 1427 2460 1469 2498; x_wconf 90' lang='lat' dir='ltr'><strong>et</strong></span> <span class='ocrx_word' id='word_1_307' title='bbox 1510 2459 1658 2510; x_wconf 85' lang='lat' dir='ltr'><strong>postea</strong></span> <span class='ocrx_word' id='word_1_308' title='bbox 1688 2453 1876 2508; x_wconf 85' lang='lat' dir='ltr'><strong>Pytheae</strong></span> 
     </span>
     <span class='ocr_line' id='line_1_36' title="bbox 248 2522 1875 2578; baseline -0.001 -15"><span class='ocrx_word' id='word_1_309' title='bbox 248 2522 517 2565; x_wconf 88' lang='lat' dir='ltr'><strong>narrationes</strong></span> <span class='ocrx_word' id='word_1_310' title='bbox 546 2524 785 2566; x_wconf 83' lang='lat' dir='ltr'><strong>simillimas</strong></span> <span class='ocrx_word' id='word_1_311' title='bbox 814 2537 909 2566; x_wconf 88' lang='lat' dir='ltr'><strong>esse</strong></span> <span class='ocrx_word' id='word_1_312' title='bbox 933 2525 1023 2566; x_wconf 86' lang='lat' dir='ltr'><strong>fere</strong></span> <span class='ocrx_word' id='word_1_313' title='bbox 1053 2536 1201 2566; x_wconf 88' lang='lat' dir='ltr'><strong>omnes</strong></span> <span class='ocrx_word' id='word_1_314' title='bbox 1230 2524 1455 2578; x_wconf 86' lang='lat' dir='ltr'><strong>putabant,</strong></span> <span class='ocrx_word' id='word_1_315' title='bbox 1484 2523 1635 2564; x_wconf 86' lang='lat' dir='ltr'><strong>mirum</strong></span> <span class='ocrx_word' id='word_1_316' title='bbox 1667 2534 1761 2563; x_wconf 88' lang='lat' dir='ltr'><strong>esse</strong></span> <span class='ocrx_word' id='word_1_317' title='bbox 1789 2533 1875 2561; x_wconf 90' lang='lat' dir='ltr'><strong>non</strong></span> 
     </span>
     <span class='ocr_line' id='line_1_37' title="bbox 245 2586 1873 2645; baseline -0.002 -12"><span class='ocrx_word' id='word_1_318' title='bbox 245 2593 400 2645; x_wconf 85' lang='lat' dir='ltr'><strong>potest,</strong></span> <span class='ocrx_word' id='word_1_319' title='bbox 440 2590 556 2645; x_wconf 88' lang='lat' dir='ltr'><strong>quod</strong></span> <span class='ocrx_word' id='word_1_320' title='bbox 603 2591 768 2635; x_wconf 87' lang='lat' dir='ltr'><strong>insulas</strong></span> <span class='ocrx_word' id='word_1_321' title='bbox 797 2591 1073 2635; x_wconf 87' lang='lat' dir='ltr'><strong>Britannicas</strong></span> <span class='ocrx_word' id='word_1_322' title='bbox 1115 2597 1157 2634; x_wconf 88' lang='lat' dir='ltr'><strong>et</strong></span> <span class='ocrx_word' id='word_1_323' title='bbox 1185 2591 1352 2635; x_wconf 89' lang='lat' dir='ltr'><strong>Thulen</strong></span> <span class='ocrx_word' id='word_1_324' title='bbox 1381 2589 1621 2644; x_wconf 87' lang='lat' dir='ltr'><strong>omniaque,</strong></span> <span class='ocrx_word' id='word_1_325' title='bbox 1665 2601 1778 2643; x_wconf 90' lang='lat' dir='ltr'><strong>quae</strong></span> <span class='ocrx_word' id='word_1_326' title='bbox 1820 2586 1873 2630; x_wconf 89' lang='lat' dir='ltr'><strong>de</strong></span> 
     </span>
     <span class='ocr_line' id='line_1_38' title="bbox 247 2657 1873 2714; baseline -0.001 -15"><span class='ocrx_word' id='word_1_327' title='bbox 247 2661 393 2700; x_wconf 86' lang='lat' dir='ltr'><strong>extero</strong></span> <span class='ocrx_word' id='word_1_328' title='bbox 419 2659 529 2702; x_wconf 89' lang='lat' dir='ltr'><strong>mari</strong></span> <span class='ocrx_word' id='word_1_329' title='bbox 551 2659 739 2714; x_wconf 84' lang='lat' dir='ltr'><strong>Pytheas</strong></span> <span class='ocrx_word' id='word_1_330' title='bbox 767 2660 996 2714; x_wconf 87' lang='lat' dir='ltr'><strong>adjecerat,</strong></span> <span class='ocrx_word' id='word_1_331' title='bbox 1042 2661 1099 2703; x_wconf 89' lang='lat' dir='ltr'><strong>ab</strong></span> <span class='ocrx_word' id='word_1_332' title='bbox 1131 2660 1209 2703; x_wconf 88' lang='lat' dir='ltr'><strong>hoc</strong></span> <span class='ocrx_word' id='word_1_333' title='bbox 1238 2659 1342 2702; x_wconf 88' lang='lat' dir='ltr'><strong>ficta</strong></span> <span class='ocrx_word' id='word_1_334' title='bbox 1364 2670 1459 2701; x_wconf 87' lang='lat' dir='ltr'><strong>esse</strong></span> <span class='ocrx_word' id='word_1_335' title='bbox 1491 2657 1689 2700; x_wconf 87' lang='lat' dir='ltr'><strong>affirmat.</strong></span> <span class='ocrx_word' id='word_1_336' title='bbox 1733 2668 1873 2710; x_wconf 90' lang='lat' dir='ltr'><strong>neque</strong></span> 
     </span>
     <span class='ocr_line' id='line_1_39' title="bbox 246 2725 1871 2784; baseline -0.001 -16"><span class='ocrx_word' id='word_1_337' title='bbox 246 2725 443 2780; x_wconf 86' lang='lat' dir='ltr'><strong>Polybius</strong></span> <span class='ocrx_word' id='word_1_338' title='bbox 466 2732 641 2783; x_wconf 88' lang='lat' dir='ltr'><strong>propter</strong></span> <span class='ocrx_word' id='word_1_339' title='bbox 664 2727 776 2772; x_wconf 90' lang='lat' dir='ltr'><strong>hunc</strong></span> <span class='ocrx_word' id='word_1_340' title='bbox 800 2733 983 2771; x_wconf 88' lang='lat' dir='ltr'><strong>errorem</strong></span> <span class='ocrx_word' id='word_1_341' title='bbox 1001 2727 1178 2771; x_wconf 88' lang='lat' dir='ltr'><strong>nimium</strong></span> <span class='ocrx_word' id='word_1_342' title='bbox 1196 2726 1505 2784; x_wconf 87' lang='lat' dir='ltr'><strong>vituperandus</strong></span> <span class='ocrx_word' id='word_1_343' title='bbox 1529 2730 1607 2782; x_wconf 90' lang='lat' dir='ltr'><strong>est,</strong></span> <span class='ocrx_word' id='word_1_344' title='bbox 1635 2725 1749 2784; x_wconf 87' lang='lat' dir='ltr'><strong>quod</strong></span> <span class='ocrx_word' id='word_1_345' title='bbox 1776 2737 1871 2767; x_wconf 88' lang='lat' dir='ltr'><strong>cum</strong></span> 
     </span>
    </p>
   </div>
   <div class='ocr_carea' id='block_1_4' title="bbox 246 2897 1871 3005">
    <p class='ocr_par' dir='ltr' id='par_1_6' title="bbox 246 2897 1871 3005">
     <span class='ocr_line' id='line_1_40' title="bbox 343 2897 1871 2946; baseline -0.006 -8"><span class='ocrx_word' id='word_1_346' title='bbox 343 2899 353 2922; x_wconf 85' lang='lat'><em>¹</em></span> <span class='ocrx_word' id='word_1_347' title='bbox 379 2904 433 2944; x_wconf 81' lang='lat'><strong>35,</strong></span> <span class='ocrx_word' id='word_1_348' title='bbox 457 2904 491 2937; x_wconf 85' lang='lat'><strong>4.</strong></span> <span class='ocrx_word' id='word_1_349' title='bbox 539 2901 553 2923; x_wconf 70' lang='lat'><em>2</em></span> <span class='ocrx_word' id='word_1_350' title='bbox 579 2904 633 2945; x_wconf 83' lang='lat'><strong>34,</strong></span> <span class='ocrx_word' id='word_1_351' title='bbox 652 2905 683 2937; x_wconf 85' lang='lat'><strong>5.</strong></span> <span class='ocrx_word' id='word_1_352' title='bbox 712 2905 729 2935; x_wconf 88' lang='lat'><strong>7</strong></span> <span class='ocrx_word' id='word_1_353' title='bbox 756 2905 879 2946; x_wconf 75' lang='lat' dir='ltr'><strong>(strab.</strong></span> <span class='ocrx_word' id='word_1_354' title='bbox 904 2906 936 2946; x_wconf 65' lang='grc' dir='ltr'><strong>ρ,</strong></span> <span class='ocrx_word' id='word_1_355' title='bbox 962 2914 994 2945; x_wconf 79' lang='lat' dir='ltr'><strong>p.</strong></span> <span class='ocrx_word' id='word_1_356' title='bbox 1024 2906 1097 2936; x_wconf 82' lang='lat'><strong>104.</strong></span> <span class='ocrx_word' id='word_1_357' title='bbox 1124 2905 1165 2936; x_wconf 80' lang='lat' dir='ltr'><strong>cf.</strong></span> <span class='ocrx_word' id='word_1_358' title='bbox 1190 2910 1223 2944; x_wconf 82' lang='lat' dir='ltr'><strong>p.</strong></span> <span class='ocrx_word' id='word_1_359' title='bbox 1254 2903 1341 2944; x_wconf 81' lang='lat'><strong>190).</strong></span> <span class='ocrx_word' id='word_1_360' title='bbox 1393 2899 1407 2921; x_wconf 76' lang='lat'>³</span> <span class='ocrx_word' id='word_1_361' title='bbox 1431 2902 1518 2934; x_wconf 73' lang='lat' dir='ltr'><strong>pun.</strong></span> <span class='ocrx_word' id='word_1_362' title='bbox 1544 2903 1577 2942; x_wconf 82' lang='lat'><strong>5,</strong></span> <span class='ocrx_word' id='word_1_363' title='bbox 1599 2903 1629 2934; x_wconf 82' lang='lat'><strong>9.</strong></span> <span class='ocrx_word' id='word_1_364' title='bbox 1679 2897 1694 2918; x_wconf 73' lang='lat'><strong>⁴</strong></span> <span class='ocrx_word' id='word_1_365' title='bbox 1719 2900 1790 2931; x_wconf 76' lang='lat'><strong>1²01.</strong></span> <span class='ocrx_word' id='word_1_366' title='bbox 1815 2900 1871 2939; x_wconf 74' lang='lat'><strong>39,</strong></span> 
     </span>
     <span class='ocr_line' id='line_1_41' title="bbox 246 2950 1871 3005; baseline -0.006 -9"><span class='ocrx_word' id='word_1_367' title='bbox 246 2950 283 2996; x_wconf 58' lang='grc' dir='ltr'><strong>ἒ.</strong></span> <span class='ocrx_word' id='word_1_368' title='bbox 311 2962 343 2993; x_wconf 82' lang='lat'><strong>3.</strong></span> <span class='ocrx_word' id='word_1_369' title='bbox 395 2957 408 2979; x_wconf 78' lang='lat'><strong>⁵</strong></span> <span class='ocrx_word' id='word_1_370' title='bbox 431 2961 486 3002; x_wconf 88' lang='lat'><strong>24,</strong></span> <span class='ocrx_word' id='word_1_371' title='bbox 512 2962 542 2995; x_wconf 83' lang='lat'><strong>6.</strong></span> <span class='ocrx_word' id='word_1_372' title='bbox 570 2962 601 2993; x_wconf 79' lang='lat'><strong>5.</strong></span> <span class='ocrx_word' id='word_1_373' title='bbox 629 2961 683 2999; x_wconf 82' lang='lat'><strong>25,</strong></span> <span class='ocrx_word' id='word_1_374' title='bbox 710 2961 742 2993; x_wconf 73' lang='grc' dir='ltr'><strong>τ.</strong></span> <span class='ocrx_word' id='word_1_375' title='bbox 764 2961 870 2995; x_wconf 75' lang='lat' dir='ltr'><strong>strab.</strong></span> <span class='ocrx_word' id='word_1_376' title='bbox 898 2962 950 3003; x_wconf 77' lang='grc' dir='ltr'><strong>ιτ,</strong></span> <span class='ocrx_word' id='word_1_377' title='bbox 975 2971 1006 3002; x_wconf 83' lang='lat' dir='ltr'><strong>p.</strong></span> <span class='ocrx_word' id='word_1_378' title='bbox 1030 2963 1106 2996; x_wconf 75' lang='lat'><strong>7⁹7.</strong></span> <span class='ocrx_word' id='word_1_379' title='bbox 1154 2958 1169 2980; x_wconf 76' lang='lat'><strong>⁶</strong></span> <span class='ocrx_word' id='word_1_380' title='bbox 1194 2962 1248 3004; x_wconf 83' lang='lat'><strong>21,</strong></span> <span class='ocrx_word' id='word_1_381' title='bbox 1274 2963 1325 2997; x_wconf 79' lang='lat'><strong>38,</strong></span> <span class='ocrx_word' id='word_1_382' title='bbox 1354 2965 1383 2999; x_wconf 78' lang='lat'><strong>7,</strong></span> <span class='ocrx_word' id='word_1_383' title='bbox 1434 2963 1447 2984; x_wconf 76' lang='grc' dir='ltr'><strong><em>τ</em></strong></span> <span class='ocrx_word' id='word_1_384' title='bbox 1476 2966 1527 3005; x_wconf 80' lang='lat'><strong>16,</strong></span> <span class='ocrx_word' id='word_1_385' title='bbox 1556 2965 1606 2995; x_wconf 84' lang='lat'><strong>15.</strong></span> <span class='ocrx_word' id='word_1_386' title='bbox 1634 2962 1663 2991; x_wconf 88' lang='lat'><strong>8.</strong></span> <span class='ocrx_word' id='word_1_387' title='bbox 1724 2956 1740 2975; x_wconf 79' lang='lat'><strong>⁶</strong></span> <span class='ocrx_word' id='word_1_388' title='bbox 1764 2957 1871 2991; x_wconf 68' lang='lat' dir='ltr'><strong>suat).</strong></span> 
     </span>
    </p>
   </div>
   <div class='ocr_carea' id='block_1_5' title="bbox 245 3020 795 3066">
    <p class='ocr_par' dir='ltr' id='par_1_7' title="bbox 245 3020 795 3066">
     <span class='ocr_line' id='line_1_42' title="bbox 245 3020 795 3066; baseline 0.005 -13"><span class='ocrx_word' id='word_1_389' title='bbox 245 3024 297 3066; x_wconf 83' lang='lat'><strong>14,</strong></span> <span class='ocrx_word' id='word_1_390' title='bbox 315 3023 346 3054; x_wconf 86' lang='lat'><strong>2.</strong></span> <span class='ocrx_word' id='word_1_391' title='bbox 372 3032 404 3063; x_wconf 81' lang='lat' dir='ltr'><strong>p.</strong></span> <span class='ocrx_word' id='word_1_392' title='bbox 431 3025 505 3058; x_wconf 83' lang='lat'><strong>663.</strong></span> <span class='ocrx_word' id='word_1_393' title='bbox 555 3021 570 3041; x_wconf 78' lang='lat'>⁹</span> <span class='ocrx_word' id='word_1_394' title='bbox 593 3023 680 3056; x_wconf 76' lang='lat' dir='ltr'><strong>Plin.</strong></span> <span class='ocrx_word' id='word_1_395' title='bbox 707 3020 739 3061; x_wconf 87' lang='lat'><strong>8,</strong></span> <span class='ocrx_word' id='word_1_396' title='bbox 764 3024 795 3056; x_wconf 87' lang='lat'><strong>3.</strong></span> 
     </span>
    </p>
   </div>
  </div>
 </body>
</html>
