2168 3278
1011 105 1066 150 33

229 243 342 286 quae
370 230 541 274 arbores
570 234 733 274 tantam
760 231 985 288 glandium
1023 222 1339 275 multitudinem
1384 231 1546 286 ferant,
1585 234 1632 275 ut
1668 230 1853 288 thynnos

229 298 410 354 pingues
439 298 634 355 reddant,
660 306 703 344 et
730 301 913 356 glandes
934 313 1070 356 usque
1095 298 1153 342 ad
1183 297 1354 342 ltaliam
1380 298 1511 342 maris
1550 299 1747 343 fluctibus
1782 298 1855 343 de·
1925 321 1940 328 -

229 367 431 421 ferantur,
462 366 547 411 nisi
576 369 706 412 etiam
733 370 778 412 in
800 370 967 414 interno
996 367 1105 412 mari
1130 369 1375 411 nascantur.

344 434 412 478 13.
469 435 553 479 Ubi
596 437 680 480 sint
728 437 851 481 Conii
893 436 1082 493 ponendi
1116 450 1169 479 ex
1205 435 1370 492 Polybii
1417 434 1590 489 quidem
1619 434 1740 480 libris
1769 449 1855 479 non

230 507 412 546 constat.
474 502 603 556 (ἐντὸς
646 504 894 561 Ἡρακλείων
938 505 1098 562 πηλῶν
1142 503 1185 545 ἐν
1224 511 1312 554 τοῖς
1354 507 1522 554 Κονίοις
1558 517 1855 561 προσαγορευο-

229 573 379 624 μένοις.
400 573 415 597 ¹
473 571 903 627 Schweighaeuserus
931 585 1004 615 eos
1034 576 1156 615 extra
1199 572 1419 615 columnas
1458 571 1695 615 Herculeas
1730 571 1856 615 collo-

232 638 393 682 candos
420 652 513 682 esse
544 644 688 683 censet
718 647 760 682 et
784 653 881 682 cum
909 652 959 681 eo
989 640 1144 694 populo
1171 639 1345 692 confert,
1377 652 1501 692 quem
1531 639 1619 693 alii,
1650 643 1697 682 ut
1725 639 1857 693 Hero-

232 705 358 750 dotus
375 708 391 733 ²
420 707 638 763 Cynesios,
666 707 890 763 Appianus
906 708 923 734 ³
954 706 1132 761 Cuneos,
1161 711 1204 749 et
1234 719 1411 761 quorum
1454 712 1611 750 terram
1641 708 1857 751 Romani⁴

231 773 454 829 antiquum
483 789 636 819 nomen
670 775 727 818 ad
768 774 941 818 verbum
985 774 1164 818 latinum
1196 774 1426 818 referentes
1450 774 1639 819 Cuneum
1667 776 1857 833 appella·

231 843 347 887 bant.
394 843 541 899 itaque
570 844 635 888 vir
664 844 813 886 doctus
842 855 919 898 pro
948 839 1063 895 ἐντὸς
1091 841 1206 894 ἐκτὸς
1231 843 1459 898 legendum
1488 856 1582 888 esse
1612 849 1768 889 censet.

343 912 601 955 Turdetanis
631 911 814 954 Celticos
829 913 845 938 ⁵
876 910 1136 966 propinquos
1163 924 1259 955 esse
1291 911 1409 965 dicit,
1454 912 1499 954 in
1539 912 1754 955 uberrima
1792 925 1855 956 re—

231 978 358 1035 gione
387 979 657 1033 habitantes,
697 990 873 1033 quorum
899 978 960 1023 rei
1004 978 1201 1035 publicae
1246 983 1288 1023 et
1333 978 1532 1035 privatae
1577 979 1729 1024 laudat
1762 993 1856 1036 pro-
1900 991 1903 995 ’

231 1047 488 1102 speritatem.

345 1115 410 1157 14.
466 1115 618 1157 Restat
661 1117 708 1156 ut
750 1112 803 1156 de
845 1112 1067 1157 Celtiberis
1083 1116 1100 1142 ⁰
1140 1113 1335 1158 dicamus
1384 1114 1454 1169 qui
1502 1114 1548 1157 in
1592 1113 1824 1158 Celtiberia
1839 1115 1856 1139 ⁷

231 1181 493 1235 habitabant,
512 1181 681 1223 interra
696 1180 758 1223 eis
776 1180 989 1223 montibus
1005 1181 1061 1224 ab
1072 1181 1220 1224 'Iberia
1240 1182 1421 1235 seclusa,
1442 1182 1517 1235 qui
1536 1181 1595 1224 ad
1616 1182 1857 1237 Saguntum

231 1253 275 1291 et
305 1248 362 1291 ad
390 1262 508 1292 mare
537 1248 748 1292 internum
788 1248 1013 1304 pertinent.
1073 1248 1296 1293 Celtiberis
1328 1249 1665 1292 adnumerantur
1693 1249 1858 1302 Βελλοί,

236 1319 380 1367 Τίττοι,
405 1314 634 1374 Ἅραυάκαι.
649 1318 664 1341 ⁸
693 1320 906 1361 trecentas
928 1317 1053 1360 urbes
1084 1315 1129 1359 in
1146 1316 1374 1361 Celtiberia
1403 1331 1431 1361 a
1460 1316 1633 1361 Tiberio
1664 1315 1857 1361 Graccho

230 1385 320 1426 solo
342 1398 436 1428 esse
451 1390 659 1440 aequatas
675 1385 876 1441 Polybius
893 1389 1156 1439 narraverat,
1175 1386 1192 1411 ⁹
1206 1389 1379 1440 propter
1396 1384 1506 1428 hanc
1524 1384 1814 1428 narrationem
1830 1396 1859 1426 a
1881 1406 1883 1408 ·

232 1451 460 1496 Posidonio
482 1457 634 1508 postea
658 1452 812 1505 elusus,
841 1452 965 1506 quod,
1010 1456 1056 1495 ut
1084 1451 1130 1494 in
1167 1452 1392 1508 triumphis
1432 1452 1636 1507 Romani,
1678 1451 1860 1496 castella

232 1520 357 1563 urbes
395 1522 667 1564 nominasset.
726 1520 792 1563 hic
830 1520 1012 1576 populus
1054 1519 1240 1563 omnium
1280 1523 1372 1563 erat
1416 1520 1542 1576 hujus
1578 1519 1859 1576 paeninsulae

232 1588 488 1632 fortissimus
529 1593 571 1631 et
612 1588 686 1642 qui
724 1588 962 1631 diutissime
996 1591 1282 1632 Romanorum
1311 1588 1442 1631 armis
1481 1588 1709 1632 resisteret.
1755 1587 1859 1642 (mi-

232 1672 345 1714 ρινος
388 1656 585 1711 πόλεμος.
603 1659 657 1713 ¹⁰)
706 1657 870 1712 equites
913 1670 1056 1700 eorum
1085 1656 1131 1699 id
1167 1656 1382 1700 habebant
1415 1656 1645 1712 proprium,
1689 1660 1736 1699 ut
1764 1668 1862 1699 cum

232 1725 397 1780 pedites
450 1726 505 1767 ab
553 1725 744 1767 hostibus
795 1738 965 1781 pressos
1010 1725 1237 1779 videbant,
1288 1737 1342 1766 ex
1384 1724 1504 1779 equis
1552 1723 1860 1768 descendentes

233 1793 309 1837 hos
339 1793 626 1847 relinquerent
657 1793 849 1835 ordinem
878 1808 1048 1836 servare
1074 1795 1259 1846 edoctos,
1285 1793 1460 1847 paxillis
1491 1807 1543 1834 ex
1579 1794 1713 1836 frenis
1736 1794 1860 1835 nexis

234 1865 276 1904 et
319 1860 376 1923 in⁴
394 1860 519 1904 humo
562 1860 670 1914 fixis,
717 1859 815 1903 dum
843 1861 1070 1904 redeuntes
1101 1861 1265 1916 equites
1307 1861 1491 1916 paxillos
1523 1874 1577 1903 ex
1620 1859 1748 1905 humo
1786 1874 1858 1905 ex-

232 1930 458 1971 traherent.
477 1930 511 1955 ¹¹
560 1928 698 1981 gladii
737 1941 882 1970 eorum
924 1930 1099 1972 Ibericis
1131 1929 1290 1971 similes
1330 1933 1466 1982 erant,
1511 1929 1564 1970 de
1592 1928 1746 1981 quibus
1769 1928 1861 1983 Jam

233 2007 364 2052 supra
395 1995 592 2040 diximus.

349 2064 412 2107 15.
482 2065 618 2108 Urbes
660 2063 872 2117 nominat,
920 2078 1058 2119 neque
1096 2065 1248 2120 quibus
1296 2065 1467 2120 populis
1510 2064 1861 2109 adnumerandae

234 2133 320 2176 sint
336 2132 460 2176 dicit:
491 2131 642 2186 llipam
662 2131 718 2174 ad
740 2132 918 2185 Baetim,
938 2136 973 2159 ¹2
991 2133 1290 2185 Cordubam,¹³
1314 2133 1645 2186 Castalonem,¹⁴1
1660 2146 1743 2176 non
1767 2146 1860 2188 pro-

236 2201 347 2244 cula
370 2200 579 2252 Baeculis,
600 2203 633 2227 ¹⁵
665 2213 751 2254 qua
782 2199 827 2241 in
854 2200 1028 2254 regione
1058 2200 1188 2242 etiam
1221 2199 1388 2254 argenti
1418 2201 1594 2242 metalla
1612 2204 1722 2242 sunt.
1742 2203 1778 2228 ¹⁶
1806 2200 1860 2243 de

237 2269 469 2322 Segesama
490 2267 723 2310 Intercatia
744 2268 936 2323 Ilurgia'
918 2281 1013 2323 Jam
1028 2280 1157 2322 supra
1176 2266 1374 2320 diximus,
1396 2266 1599 2323 Stephani
1631 2268 1861 2322 Byzantini

236 2347 419 2377 errorem
449 2334 659 2392 Μοτιηνήν
699 2337 849 2391 χωρίον
886 2332 1058 2392 Ἰβηρίας
1083 2348 1135 2378 ex
1172 2333 1337 2391 Polybii
1380 2333 1487 2377 libro
1524 2334 1648 2378 tertio
1688 2334 1864 2380 citantis

238 2404 477 2446 Meinekius
502 2404 621 2446 vidit.

497 2597 544 2633 b.
591 2596 671 2633 lle
698 2594 874 2631 Gallia
897 2594 1224 2641 transalpina
1248 2594 1302 2630 et
1329 2595 1392 2629 de
1419 2594 1601 2631 Gallis.

354 2701 390 2742 1.
448 2701 514 2743 De
550 2703 663 2742 terra
705 2698 867 2754 primae
912 2697 1192 2773 paeninsulae
1233 2696 1375 2739 vicina
1412 2701 1513 2739 ante
1557 2697 1757 2740 Caesaris
1796 2710 1868 2739 ex·

238 2766 507 2846 peditionem
526 2765 570 2808 in
600 2766 787 2810 Galliam
818 2766 990 2818 factam,
1030 2764 1208 2807 minima
1242 2767 1335 2808 erat
1364 2763 1545 2808 Graecis
1578 2762 1867 2819 Romanisque

334 2865 344 2885 ¹
370 2871 422 2909 10,
449 2870 536 2899 7.5.
594 2867 610 2887 ²
633 2869 756 2902 Herod.
782 2871 814 2911 2,
839 2870 891 2902 31
948 2869 980 2909 4,
1006 2869 1059 2900 49.
1108 2867 1123 2888 ⁸
1147 2868 1292 2909 Appian.
1319 2869 1363 2900 lb
1394 2869 1447 2909 57
1472 2878 1504 2909 p.
1533 2870 1608 2901 601.
1658 2868 1713 2910 68,
1731 2877 1764 2909 p.
1790 2867 1869 2899 613.

238 2922 256 2942 ⁴
279 2924 385 2958 Strab.
411 2925 474 2955 137
499 2934 591 2965 sequ
654 2923 667 2944 ⁵
690 2926 737 2957 id.
777 2929 848 2960 151.
909 2923 924 2945 ⁶
946 2927 978 2968 3,
1012 2928 1042 2959 5,
1080 2928 1107 2958 1.
1170 2922 1183 2944 '¹
1209 2926 1242 2966 3,
1281 2927 1329 2956 17.
1358 2926 1390 2958 2.
1449 2927 1503 2964 35,
1539 2927 1569 2958 9,
1607 2926 1659 2959 12
1719 2922 1735 2943 ⁸
1759 2926 1813 2963 35,
1837 2926 1869 2955 2.

240 2980 255 2999 ⁹
279 2982 333 3019 25,
360 2984 389 3013 1.
437 2980 543 3012 strab.
568 2990 600 3021 p.
630 2982 705 3013 163.
771 2980 800 3000 ¹⁰
824 2984 879 3024 35,
909 2986 936 3016 1.
1002 2979 1027 2999 ¹¹
1053 2982 1115 3022 frg.
1143 2983 1195 3012 95.
1259 2978 1287 2999 ¹²
1312 2983 1343 3023 9,
1368 2982 1421 3014 20.
1484 2978 1512 2999 ¹⁸
1538 2982 1592 3023 35,
1617 2982 1650 3016 2.
1673 2982 1706 3016 2,
1757 2978 1789 2999 ¹⁴
1817 2982 1869 3023 10,

240 3039 296 3071 38.
316 3040 347 3073 7.
397 3040 451 3081 11,
475 3038 529 3069 20.
556 3039 584 3068 5.
640 3034 669 3055 ¹⁵
696 3040 748 3080 lo,
772 3039 826 3072 38.
853 3041 882 3070 7.
909 3041 961 3071 39.
1015 3040 1066 3079 ll,
1091 3040 1143 3071 20.
1172 3041 1205 3071 5.
1257 3035 1285 3057 ¹⁶
1315 3041 1366 3077 lo,
1392 3039 1447 3072 38.
1475 3041 1505 3071 7.
