2168 3278
1060 99 1114 143 39

220 254 221 258 ,
286 228 548 279 manserunt,
566 227 581 251 ¹
619 237 695 281 per
730 225 842 269 diem
877 224 1047 270 tertium
1076 224 1288 269 decimum
1315 223 1384 281 ad
1402 227 1567 268 sextum
1591 223 1804 274 decimum
1832 222 1913 268 iter

283 292 576 337 continuatum
602 297 679 347 est,
705 307 793 348 -quo
820 293 889 337 die
918 292 1030 337 alius
1054 304 1129 335 eos
1154 291 1322 348 excepit
1349 291 1531 349 populus
1554 291 1752 336 dolosam
1778 291 1911 339 simu·

281 361 379 405 lans
431 359 678 420 amicitiam.
765 361 994 417 septimum
1028 360 1240 404 decimum
1280 359 1394 404 diem
1426 360 1485 404 ad
1519 359 1911 408 duodevicesimam

282 428 350 472 hic
378 429 562 484 populus
582 441 655 471 eos
684 428 909 471 comitatus
933 432 999 471 est
1017 440 1151 481 usque
1171 427 1229 469 ad
1245 426 1523 483 praecipitem
1548 426 1767 481 quandam
1787 439 1909 471 vora-

282 497 441 552 ginem,
476 496 550 539 ubi
586 495 769 552 impetus
808 496 853 538 in
888 494 1264 551 Carthaginienses
1305 494 1445 539 factus
1476 498 1550 539 est.
1601 493 1821 538 Hannibal
1851 492 1909 537 ad

282 577 436 609 saxum
455 563 670 618 quoddam
698 564 842 607 album
862 563 1130 620 pernoctavit
1161 568 1204 606 et
1227 562 1298 606 die
1320 562 1640 606 undevicesimo
1669 562 1714 606 in
1737 561 1911 618 Alpium

277 631 430 686 jugum
468 632 716 686 pervenit‚2
755 646 866 675 nono
906 632 976 675 die
1012 635 1240 686 postquam
1281 631 1410 685 Alpes
1448 630 1637 674 intravit.
1701 628 1833 674 biduo
1861 629 1907 672 in

277 697 386 754 jugo
416 699 575 743 stativa
610 703 708 743 sunt
738 699 893 743 habita.
912 701 928 727 3
980 698 1058 742 hoc
1079 697 1232 754 jugum
1263 697 1403 754 Alpim
1435 697 1610 742 Graiam
1636 710 1743 752 esse,
1773 695 1908 742 Coelii

281 766 497 822 Antipatri
527 768 745 811 Cremonis
769 768 937 822 jugum,
953 770 970 794 ‘²
1000 766 1057 809 ad
1088 767 1202 821 quod
1223 780 1299 823 per
1325 768 1474 810 Isarae
1502 767 1662 810 vallum
1689 764 1907 809 Hannibal

281 836 531 891 pervenerit,
571 836 846 893 plurimorum
877 838 919 879 et
957 835 1144 895 locorum
1173 833 1525 891 peritissimorum
1566 848 1774 879 consensu
1805 847 1904 878 con-

281 907 379 946 stat.
434 903 563 946 ctiam
592 903 862 959 λευκόπετρον
889 903 996 946 illud
1027 904 1103 955 (La
1133 901 1274 945 Roche
1302 902 1508 960 Blanche)
1537 903 1597 946 ibi
1625 902 1807 946 videtur.
1836 902 1906 947 die

280 971 481 1015 vicesimo
526 973 659 1015 altero
704 972 915 1016 exercitus
959 970 1181 1015 descendit
1196 973 1212 998 ⁵
1258 983 1392 1024 usque
1422 970 1481 1014 ad
1509 971 1650 1014 locum
1678 970 1906 1026 quendam,

281 1052 364 1094 quo
394 1054 520 1097 rupes
552 1040 646 1097 jam
677 1044 807 1083 antea
847 1041 902 1083 ad
943 1040 1026 1082 tria
1065 1038 1322 1082 hemistadia
1363 1044 1620 1096 praeruptae
1654 1044 1744 1084 tum
1773 1039 1904 1084 etiam

280 1109 420 1163 magis
450 1109 706 1164 praecipites
730 1109 873 1151 factae
900 1112 1032 1161 erant,
1073 1112 1119 1149 ut
1145 1107 1359 1163 elephanti
1390 1113 1432 1151 et
1454 1109 1653 1164 jumenta
1673 1108 1906 1166 praeterire

279 1190 365 1220 non
390 1181 574 1233 possent.
621 1177 680 1220 ibi
713 1176 840 1219 etiam
868 1176 987 1218 nives
1026 1175 1256 1231 superioris
1286 1174 1389 1217 anni
1417 1176 1539 1219 novis
1569 1181 1692 1220 erant
1721 1178 1906 1221 tectae.⁶

280 1244 563 1299 quadriduum
618 1245 732 1287 circa
779 1256 924 1298 rupem
973 1246 1271 1298 consumptum
1309 1244 1420 1295 est,⁷
1449 1243 1549 1286 inde
1584 1257 1660 1299 per
1701 1244 1814 1287 diem
1843 1243 1906 1286 vi-

277 1312 481 1355 cesimum
520 1312 745 1366 septimum
786 1312 842 1353 ad
884 1310 1255 1353 undetricesimum
1286 1310 1341 1353 ad
1375 1310 1550 1366 planum
1589 1311 1671 1354 iter
1699 1311 1902 1355 fecerunt.

397 1379 462 1421 11.
522 1377 770 1422 Transitum
802 1377 971 1433 Alpium
1010 1376 1255 1432 quindecim
1292 1376 1453 1421 dierum
1486 1377 1651 1422 fuisse⁸
1681 1381 1723 1422 et
1751 1391 1779 1422 a
1804 1377 1906 1422 Car-

278 1447 455 1500 thagine
484 1460 597 1488 nova
625 1446 810 1499 quinque
848 1446 1054 1487 mensium
1085 1445 1177 1497 iter,
1222 1445 1427 1499 Polybius
1456 1445 1602 1498 tradit,
1632 1446 1779 1500 itaque
1810 1459 1905 1489 cum

279 1514 407 1557 etiam
437 1513 552 1571 apud
578 1512 746 1556 Livium
765 1515 781 1539 ⁹
819 1512 968 1555 eadem
997 1512 1206 1567 legantur,
1250 1517 1450 1566 quattuor
1496 1512 1590 1556 dies
1617 1513 1749 1567 quieti
1779 1513 1903 1558 datos

276 1581 500 1638 Polybium
543 1594 628 1624 non
671 1592 919 1624 numerasse
962 1580 1053 1623 veri
1098 1579 1236 1624 simile
1280 1584 1356 1624 est.
1414 1593 1441 1623 a
1470 1580 1729 1637 Carthagine
1758 1585 1903 1627 autem

276 1662 388 1691 nova
419 1662 552 1703 usque
583 1649 639 1691 ad
669 1649 868 1691 Insubres
907 1649 996 1690 fere
1036 1661 1188 1691 novem
1216 1648 1333 1691 milia
1359 1648 1595 1691 stadiorum
1630 1654 1904 1707 numerat310

276 1731 303 1759 a
333 1717 645 1772 Pyrenaeorum
676 1720 819 1759 autem
848 1716 1053 1759 montium
1076 1716 1160 1759 fine

363 1785 420 1829 ad
448 1784 674 1828 transitum
706 1783 905 1828 Rhodani
933 1784 1021 1827 fere
1081 1816 1643 1828 .........
1705 1784 1818 1829 1600

362 1852 536 1907 Alpium
565 1851 801 1894 adscensus
829 1853 887 1894 ad
915 1852 1056 1907 Alpim
1088 1852 1264 1894 Graiam
1290 1882 1645 1895 ......
1707 1852 1818 1895 1400

362 1934 389 1962 a
418 1919 602 1964 transitu
632 1918 830 1962 Rhodani
856 1919 913 1963 ad
941 1919 1123 1975 primum
1153 1918 1408 1961 adscensum
1437 1919 1481 1961 in
1512 1919 1642 1975 Alpes
1728 1919 1848 2030 800}

361 1991 408 2029 ut
440 1987 526 2030 sint
556 1987 613 2029 ad
638 2000 847 2029 summum
871 1987 1020 2042 jugum
1052 1987 1106 2030 ab
1134 1986 1212 2029 hoc
1239 1986 1333 2029 loco
1419 2019 1428 2028 .
1488 2020 1497 2029 .
1557 2020 1566 2029 .
1628 2020 1636 2030 .
1726 1986 1811 2030 600

363 2054 417 2097 ab
443 2054 543 2109 Alpi
572 2054 706 2098 Graia
729 2055 786 2097 ad
816 2055 991 2110 planum
1080 2087 1644 2097 .........
1705 2053 1818 2099 1200

389 2121 457 2166 12,
515 2122 585 2163 Ad
612 2122 757 2176 plana,
803 2135 914 2176 quae
952 2122 1067 2164 circa
1104 2122 1269 2164 Padum
1306 2126 1467 2178 patent,
1514 2122 1734 2165 Hannibal
1763 2123 1902 2167 Gallis

277 2190 456 2233 ducibus
483 2189 687 2245 pervenit,
712 2190 784 2244 qui
802 2191 857 2233 ad
881 2191 1080 2233 Insubres
1106 2190 1531 2248 Carthaginiensibus
1549 2193 1710 2241 amicos¹
1738 2204 1901 2235 eorum—

276 2271 357 2312 que
388 2257 617 2300 adventum
646 2262 946 2312 exspectantes
987 2271 1084 2301 eum
1112 2257 1337 2300 duxerunt.
1356 2261 1390 2284 ¹¹
1466 2257 1567 2301 inde
1592 2259 1810 2315 profectus
1838 2261 1900 2305 vi-

276 2326 419 2369 cinum
446 2326 509 2368 eis
540 2330 583 2367 et
612 2326 830 2368 inimicum
860 2327 1145 2369 Taurinorum
1169 2326 1375 2380 populum
1403 2340 1634 2380 aggressus
1658 2332 1736 2382 est,
1759 2329 1833 2382 qui
1858 2334 1901 2371 et

274 2394 357 2451 ipsi
394 2397 552 2436 terram
590 2392 773 2449 Alpibus
812 2394 1051 2450 subjectam
1083 2393 1350 2436 habitabant.
1371 2394 1407 2419 ¹²
1468 2394 1728 2450 gravissima
1754 2408 1899 2440 eorum

275 2462 375 2505 urbs
404 2467 654 2517 expugnata
682 2466 758 2504 est.
815 2462 966 2504 eadem
996 2464 1041 2504 in
1080 2463 1256 2516 regione
1285 2463 1468 2517 Alpium,
1514 2475 1598 2516 qua
1640 2465 1698 2507 ad
1726 2467 1900 2509 Italiam

275 2528 559 2583 descenditur,
589 2529 820 2573 Tauriscos
836 2529 1039 2586 Polybius
1059 2529 1254 2574 habitare
1285 2529 1391 2574 dicit
1418 2534 1460 2574 et
1475 2531 1661 2587 Agones,
1679 2533 1716 2560 ¹⁸
1746 2532 1900 2587 quibus

274 2597 457 2650 fortasse
485 2597 665 2638 Taurini
702 2597 929 2651 propinqui
971 2602 1104 2639 erant.
1162 2610 1297 2650 neque
1326 2597 1380 2650 hi,
1411 2610 1547 2650 neque
1586 2598 1650 2639 illi
1682 2599 1815 2642 Celtis
1843 2601 1899 2642 ab

274 2676 324 2706 eo
353 2663 698 2719 adnumerantur,
725 2662 843 2719 apud
871 2663 1125 2707 Strabonem
1144 2666 1180 2692 ¹4
1211 2668 1354 2708 autem
1381 2668 1423 2708 et
1452 2664 1637 2709 Plinium
1654 2667 1692 2692 ¹⁵
1718 2666 1900 2722 Ligures

368 2855 378 2876 ¹
403 2858 448 2892 ib.
474 2858 494 2901 ς
517 2859 550 2893 3,
608 2858 622 2878 ²
647 2860 679 2901 3,
704 2860 756 2891 52.
783 2859 814 2893 2.
847 2855 890 2886 1³
913 2859 958 2890 ib.
982 2857 1001 2901 ς
1027 2859 1058 2890 8.
1117 2857 1133 2877 ⁴
1157 2861 1189 2902 3,
1222 2860 1276 2893 53.
1302 2861 1321 2890 6
1348 2863 1382 2891 et
1405 2861 1435 2891 9.
1502 2857 1516 2879 ⁵
1540 2861 1582 2894 ef.
1608 2861 1679 2895 Liv.
1706 2862 1762 2904 21,
1786 2863 1841 2897 35.
1867 2864 1900 2896 4.

275 2912 289 2934 ⁶
313 2916 385 2947 Liv.
412 2916 468 2952 21,
491 2917 545 2948 38.
572 2918 603 2949 7.
664 2918 737 2949 1³01.
762 2918 793 2958 3,
819 2918 872 2950 54.
899 2919 931 2948 4.
992 2914 1005 2935 ⁷
1029 2918 1062 2958 3,
1086 2919 1139 2948 55.
1170 2920 1196 2949 1.
1246 2915 1261 2936 ⁸
1285 2918 1329 2950 ib.
1353 2917 1372 2959 ς
1399 2920 1428 2951 7.
1488 2919 1560 2952 Liv.
1587 2919 1642 2960 21,
1666 2921 1719 2953 37.
1746 2922 1779 2954 4.
1827 2918 1843 2939 ⁹
1866 2923 1899 2962 3,

273 2972 327 3003 56.
355 2972 388 3004 3.
435 2971 508 3003 Liv.
533 2973 587 3014 21,
615 2973 670 3005 38.
698 2974 748 3005 1⁴.
804 2971 833 2992 ¹⁰
858 2975 888 3012 3,
914 2974 968 3006 39.
1021 2971 1048 2991 ¹¹
1074 2975 1106 3015 3,
1131 2974 1186 3006 34.
1213 2976 1243 3006 5.
1291 2975 1346 3015 44,
1372 2975 1403 3006 8.
1457 2971 1485 2992 ¹²
1509 2975 1540 3015 3,
1568 2976 1621 3008 60.
1673 2973 1702 2994 ¹⁸
1726 2976 1757 3013 2,
1788 2977 1842 3008 15.
1867 2977 1897 3007 8.

277 3025 305 3047 ¹⁴
329 3028 436 3061 Strab.
463 3029 539 3062 204.
593 3025 621 3048 ¹⁵
644 3029 731 3063 Plin.
757 3030 790 3070 3,
816 3031 868 3063 17.
894 3031 970 3062 123.
