2168 3278
1028 79 1080 128 1'1

247 207 420 257 torrida.
429 222 538 253 zona
552 210 649 253 loca
662 202 851 255 habitari
862 215 905 255 et
920 210 1076 255 habere
1100 210 1243 265 magis
1257 212 1535 265 temperatam
1551 207 1872 260 habitationem,

247 290 384 331 qnam⁴
401 276 589 321 habeant
618 278 670 332 ei,
715 279 788 333 qui
817 278 932 322 circa
967 278 1259 322 extremitates
1285 275 1474 320 torridae
1501 288 1635 319 zonae
1663 275 1871 318 habitent.

247 357 300 387 ac
329 344 486 399 partim
516 344 717 388 historias
746 359 841 388 eum
870 346 1209 398 afferrereorum,
1237 343 1312 397 qui
1340 343 1527 386 viderint
1552 342 1631 384 1138
1661 342 1873 396 regiones,

247 411 404 467 partim
432 411 680 457 ratiocinari
708 428 762 457 ex
791 413 978 457 naturali
1001 413 1104 457 solis
1127 416 1258 456 motu.
1297 411 1392 466 „sol
1420 410 1547 465 enim,
1575 410 1727 464 inquit,
1757 408 1891 452 circam

247 479 434 535 tropicos
473 480 656 525 circulos
694 482 824 537 longo
854 485 1140 525 commoratur
1164 484 1352 533 tempore
1381 478 1616 522 secundum
1652 490 1872 521 accessum

247 547 306 592 ad
335 560 409 592 eos
426 552 470 592 61
484 548 729 605 discessum,
760 554 808 598 ut
828 549 916 594 fere
942 549 1001 593 ad
1025 549 1119 593 dies
1135 546 1424 604 quadraginta
1438 550 1612 590 maneat
1631 545 1678 590 in
1696 544 1871 601 tropicis

248 616 431 661 circulis.
485 630 615 672 quam
650 619 705 662 ob
734 631 912 662 causam
956 615 1279 673 magnitudines
1323 614 1487 658 dierum
1540 614 1625 657 fere
1676 614 1734 657 ad
1779 613 1872 657 dies

248 684 537 740 quadraginta
568 688 744 729 'manent
773 687 962 729 eaedem.
1020 685 1134 729 unde
1163 699 1258 728 cum
1291 697 1411 726 mora
1440 683 1515 725 fiat
1544 683 1603 725 ad
1626 683 1726 725 illas
1755 682 1872 725 habi-

247 752 568 809 tationes‚quae
582 754 694 798 sitae
709 758 807 798 sunt
831 753 911 797 sub
926 752 1113 809 tropicis,
1134 752 1287 796 ardore
1312 754 1523 795 torreatur
1544 750 1649 794 haee
1663 750 1872 794 habitatio

250 833 423 865 necesse
452 826 530 878 est,
560 811 688 876 atque
705 820 1002 864 inhabitabilis
1019 821 1095 864 fiat
1110 824 1283 878 propter
1306 826 1452 863 aestus
1481 832 1714 862 excessum.
1744 823 1791 862 at
1816 818 1872 861 ab

181 912 188 930 .
248 888 556 943 aequinoctiali
585 889 743 932 circulo
786 887 997 943 contingit
1042 893 1089 931 ut
1132 889 1301 931 veloces
1343 888 1449 931 fiant
1492 886 1720 940 discessus,
1760 886 1873 929 unde

248 956 379 999 etiam
408 956 729 1011 magnitudines
773 956 936 999 dierum
966 970 1128 1012 magna
1157 956 1336 1013 capiunt
1365 956 1653 999 incrementa:
1697 966 1872 998 consen·

247 1028 420 1067 taneum
451 1029 517 1067 est
546 1025 691 1079 igitur,
739 1037 814 1067 eas
843 1024 973 1067 etiam
1003 1024 1302 1080 habitationes,
1349 1037 1462 1079 quae
1508 1027 1609 1067 sunt
1647 1023 1759 1066 sitae
1796 1023 1875 1066 sub

212 1083 565 1146 waequinoctiali,
596 1093 737 1147 magis
766 1105 862 1135 esse
891 1096 1166 1147 temperatas,
1209 1107 1303 1136 cum
1350 1092 1577 1136 adscensio
1609 1090 1778 1145 quidem
1802 1090 1877 1134 fiat

247 1172 376 1214 super
403 1164 562 1214 puncto
587 1159 795 1215 verticali,
832 1160 1035 1203 velociter
1069 1164 1214 1203 tamen
1253 1161 1314 1203 sol
1353 1159 1537 1203 recedat.
1570 1173 1717 1203 omnes
1749 1158 1875 1212 enim,

247 1227 322 1280 qui
349 1227 460 1270 inter
491 1228 678 1282 tropicos
714 1228 894 1271 circulos
924 1226 1130 1281 habitant,
1167 1228 1225 1271 ad
1253 1224 1511 1271 adscensum
1550 1227 1652 1270 solis
1680 1226 1876 1270 similiter

247 1299 347 1337 sunt
376 1294 587 1349 collocati,
617 1294 654 1338 is
693 1299 839 1338 tamen
880 1296 1041 1340 diutius
1079 1295 1196 1351 apud
1227 1309 1301 1339 eos
1333 1300 1632 1349 commoratur,
1658 1294 1732 1349 qui
1760 1293 1876 1338 cirea

247 1362 432 1418 tropicos
464 1362 672 1406 habitant.
721 1376 850 1417 quam
892 1366 944 1407 ob
986 1377 1162 1407 causam
1201 1364 1425 1419 contingit,
1464 1368 1510 1406 ut
1547 1362 1870 1419 temperatiores

247 1429 333 1475 sint
360 1443 438 1473 eae
469 1429 771 1486 habitationeS,
814 1446 925 1486 quae
970 1438 1069 1476 sunt
1114 1432 1231 1475 circa
1273 1432 1630 1486 aequinoctialem
1673 1443 1866 1485 quaeque

247 1498 358 1540 sitae
399 1502 499 1554 sunt
543 1491 589 1541 in
632 1499 777 1542 media
821 1512 930 1542 zona
975 1500 1159 1555 torrida,
1203 1514 1332 1555 quam
1374 1504 1474 1545 sunt
1515 1499 1592 1554 eis,
1638 1498 1713 1554 qui
1754 1499 1871 1542 circa

246 1566 538 1609 extremitates
587 1581 720 1610 zonae
773 1567 969 1611 torridae
1004 1568 1221 1621 habitant,
1270 1569 1373 1623 quiq
1398 1582 1425 1610 u
1482 1573 1558 1611 unt
1603 1567 1732 1623 positi
1791 1567 1873 1609 sub

246 1633 462 1688 tropicis.“

360 1727 400 1766 4.
452 1724 530 1767 His
560 1725 846 1780 consentiunt,
886 1732 933 1768 ut
967 1727 1060 1781 jam
1096 1740 1227 1782 supra
1255 1727 1452 1781 diximus,
1482 1725 1702 1769 Posidonii
1732 1725 1875 1779 verba,

248 1805 359 1846 quae
386 1793 539 1836 Strabo
568 1793 699 1836 tradit
716 1795 750 1836 ¹:
779 1793 863 1837 ἐκεῖ
890 1793 964 1846 τοὶς
987 1796 1255 1849 μεταστάσεις
1283 1791 1477 1850 ὀξυτέρας
1505 1790 1611 1837 εἶναι
1640 1793 1716 1845 τοὶς
1740 1791 1802 1844 εἰς
1824 1792 1876 1834 τά

247 1859 420 1914 πλάγια,
442 1857 503 1910 αἱς
517 1857 688 1911 ὂάἱὲτως
711 1862 780 1903 καὶ
803 1862 878 1913 τοὶς
904 1860 983 1904 ἀπ’
1000 1861 1204 1919 ἀνατολῆς
1217 1862 1290 1904 ἐπὶ
1315 1862 1431 1905 δύσιν
1451 1868 1526 1905 τοῦ
1541 1860 1670 1920 ἡλίου·
1686 1860 1877 1917 ὀξύτεραι

250 1926 330 1985 γάρ
356 1927 402 1969 αἱ
424 1927 528 1970 κατὰ
552 1932 744 1984 μεγίστου
772 1930 918 1972 κύκλου
958 1928 1039 1973 τῶν
1077 1928 1295 1985 ὁμοταχῶν
1322 1930 1527 1988 κινήσεων.
1589 1931 1706 1987 apud
1735 1929 1876 1974 Gremi-

249 2010 348 2038 num
380 2002 523 2039 autem
551 1997 640 2040 alia
665 2012 800 2042 causa
828 2012 914 2041 non
941 2000 1109 2054 legitur,
1149 2013 1277 2053 quam
1302 2009 1345 2042 et
1370 2000 1623 2043 Posidonius
1651 2000 1877 2054 impugnat

251 2069 295 2107 et
327 2064 494 2127 Strabo.
550 2076 651 2108 nam
681 2080 735 2109 ex
756 2067 871 2109 illius
904 2068 1104 2120 opinione
1134 2081 1239 2110 zona
1267 2068 1345 2110 illa
1369 2073 1620 2123 temperata,
1651 2080 1762 2122 quae
1792 2067 1878 2110 sita

249 2137 341 2175 erat
373 2133 451 2175 sub
489 2132 587 2187 ipsa
617 2134 931 2188 aequinoctiali,
964 2135 1097 2190 plana
1127 2141 1219 2177 erat
1250 2149 1389 2190 neque
1420 2137 1559 2190 altior,
1589 2149 1720 2190 quam
1746 2134 1876 2189 mai-e,

248 2199 449 2256 Polybius
479 2205 622 2243 autem
647 2202 825 2244 eandem
861 2203 983 2246 simul
1025 2204 1212 2245 omnium
1244 2203 1499 2246 altissimam
1527 2217 1622 2247 6886
1649 2204 1845 2260 putabat,
1861 2207 1877 2230 ²

250 2269 374 2324 cujus
413 2269 470 2312 ad
510 2282 699 2313 summos
727 2275 890 2314 montes
934 2272 1069 2315 nubes
1113 2284 1241 2326 quam
1281 2272 1491 2328 plurimae
1530 2286 1584 2315 ex
1626 2271 1876 2326 septentrio—

248 2338 416 2381 nalibus
444 2338 689 2393 regionibus
729 2339 875 2383 etesiis
911 2339 1186 2394 deferrentur,
1227 2345 1274 2383 ut
1302 2347 1416 2384 terra
1444 2342 1658 2384 montibus
1683 2342 1878 2396 subjecta

248 2407 379 2449 etiam
404 2408 562 2461 pluviis
591 2408 852 2463 irrigaretur.
888 2409 1043 2462 quibus
1073 2410 1127 2452 de
1158 2410 1372 2453 montibus
1403 2410 1546 2453 Nilum
1575 2412 1756 2466 putabat
1784 2423 1879 2465 pro-

248 2475 390 2529 fluere,
421 2481 468 2518 ut
497 2489 550 2520 ex
588 2478 664 2531 eis,
694 2491 805 2532 quae
834 2476 1092 2520 Posidonius
1128 2483 1275 2521 contra
1317 2477 1426 2520 hanc
1456 2478 1711 2521 sententiam
1741 2479 1878 2533 affert,

250 2547 442 2598 apparet.
504 2546 696 2600 plerique
739 2550 882 2588 autem
929 2550 1064 2588 totam
1108 2545 1217 2588 hanc
1256 2560 1407 2588 zonam
1447 2547 1652 2589 torridam
1693 2559 1789 2589 esse
1834 2553 1878 2588 et

249 2610 420 2653 omnino
446 2610 767 2656 inhabitabilem
791 2613 1037 2666 censebant,
1060 2613 1148 2668 alii,
1178 2617 1224 2656 ut
1239 2613 1390 2657 Crates
1405 2616 1421 2640 ³
1441 2614 1689 2656 Cleanthem
1705 2617 1878 2656 secutus

248 2690 332 2720 non
360 2682 518 2721 terram
549 2681 621 2733 ibi,
650 2681 727 2723 sed
757 2694 874 2722 mare
903 2684 1052 2735 patere
1082 2686 1254 2736 propter
1285 2686 1452 2725 aestum
1480 2681 1788 2736 innavigabile.

365 2769 403 2812 5.
461 2770 520 2814 Ut
566 2772 755 2828 tropicus
799 2777 939 2815 terrae
983 2785 1011 2814 a
1055 2771 1177 2815 nobis
1222 2772 1444 2817 habitatae
1482 2774 1616 2840 jinem
1645 2787 1673 2816 a
1702 2773 1881 2817 meridie

248 2837 365 2891 facit,
409 2837 469 2880 ita
497 2841 854 2897 septentionalem
896 2841 1045 2884 arctici
1089 2841 1321 2885 declinatio
1365 2857 1418 2888 ex
1447 2843 1613 2900 Polybii
1654 2844 1879 2899 sententia,

344 3023 356 3045 ¹
381 3024 488 3059 Strab.
514 3035 547 3067 p.
572 3028 626 3060 97.
672 3024 689 3045 ²
712 3028 820 3062 Str-ab.
848 3030 993 3063 97-98.
1043 3026 1057 3047 ³
1081 3029 1241 3062 Geminus
1269 3032 1321 3063 13.
