2168 3278
1086 76 1114 122 9

292 197 550 260 neglegeret,
576 200 731 261 quippe
760 204 833 259 qui
859 202 1140 259 gravissimus
1164 202 1286 246 testis
1315 208 1440 258 esset,
1472 216 1569 249 cum
1596 203 1692 259 ipse
1711 198 1915 260 Polybius

290 285 338 315 se
364 272 412 315 in
440 271 527 314 illis
555 267 800 325 regionibus
834 271 969 315 fuisse
1007 271 1241 315 affirmaret
1268 275 1312 313 et
1338 270 1448 313 adeo
1489 271 1773 324 intervallum,
1800 272 1914 325 quod

289 339 401 383 inter
428 339 615 382 insulam
644 339 809 383 Cernen
834 344 878 383 et
907 339 1193 383 continentem
1233 342 1357 391 esset,
1402 338 1624 392 indicaret,
1667 343 1914 393 quantoque

290 406 475 462 singula*
492 408 587 450 loca
615 406 726 449 inter
752 420 799 458 se
823 407 1065 450 distarent?
1093 416 1231 460 neque
1258 405 1337 448 hoc
1366 409 1431 448 est
1449 406 1781 460 neglegendum,
1817 419 1914 449 cum

291 474 487 530 Polybius
514 476 729 518 Atlantem
756 480 940 519 montem
963 488 1137 531 prorsus
1163 488 1191 516 a
1218 472 1450 520 ceterorum
1479 473 1679 528 opinione
1703 474 1915 518 decedens

291 542 382 588 alia
414 542 458 587 in
492 543 667 598 regione
703 543 876 599 Africae
918 542 1144 597 posuisset,
1189 541 1299 585 hanc
1344 541 1438 585 rem'
1462 541 1712 585 Strabonem
1742 541 1913 585 silentio

289 611 534 666 praeterire.
1363 607 1365 609 ’

403 677 604 734 Polybius
634 683 778 723 autem
808 678 862 721 ab
889 677 970 721 hac
999 675 1282 733 expeditione,
1305 689 1434 731 quam
1460 676 1603 733 Scipio
1635 677 1799 721 amicus
1822 676 1915 732 ejus

291 750 532 802 paraverat,
561 751 662 790 ante
690 745 994 799 Carthaginem
1024 749 1318 801 expugnatam
1354 744 1493 801 rediit.
1547 745 1639 787 fieri
1668 743 1801 799 igitur
1828 757 1915 787 non

290 814 440 870 potuit,
468 814 584 872 quin,
608 828 717 870 quae
745 813 948 871 Polybius
977 813 1288 870 exploraverat,
1318 817 1393 857 aut
1421 812 1469 855 in
1496 812 1615 856 libris
1637 811 1727 856 suis
1750 811 1914 856 histori-

291 897 411 928 arum
440 888 591 939 postea
619 884 759 937 editis,
786 888 874 937 aut,
918 883 1031 937 quod
1060 896 1106 926 re
1128 895 1232 925 vera
1259 883 1421 925 factum
1451 886 1527 935 est,
1560 886 1691 924 antea
1713 885 1915 936 separato

290 951 396 994 lib'ro
440 951 711 1006 describeret,
759 951 832 1005 qui
876 964 985 993 cum·
1013 950 1286 994 historiarum
1331 962 1505 1005 corpore
1535 962 1622 992 non
1662 948 1915 1004 conjunctus

290 1022 393 1062 erat.
449 1010 533 1073 quo
567 1020 729 1064 factum
758 1023 834 1072 est,
864 1023 911 1061 111
940 1022 1110 1074 praeter
1138 1017 1319 1061 Plinium
1354 1031 1479 1060 nemo
1507 1016 1743 1072 ‹suidquam
1776 1029 1915 1071 neque

291 1086 345 1128 de
372 1099 530 1139 magno
560 1086 640 1128 hoc
655 1086 820 1140 Polybii
848 1085 1001 1128 itinere
1030 1085 1153 1128 nobis
1182 1086 1336 1139 tradat,
1354 1099 1493 1139 neque
1522 1085 1576 1128 de
1603 1085 1679 1138 eis,
1707 1097 1819 1138 quae
1842 1083 1915 1127 ille

290 1153 600 1208 exploraverat.
656 1157 704 1196 ut
729 1152 954 1197 Hannonis
991 1151 1107 1195 illius
1145 1152 1347 1209 periplus‚
1384 1152 1550 1209 Polybii
1592 1164 1761 1206 quoque
1799 1151 1914 1206 quod

289 1221 422 1263 sciam
466 1220 571 1263 nihil
615 1220 752 1263 valuit
791 1220 849 1262 ad
895 1220 1119 1274 vulgarem
1158 1220 1403 1275 opinionem
1433 1221 1744 1273 corrigendam,
1775 1219 1915 1273 qualis

289 1287 344 1331 de
371 1287 544 1332 Africae
585 1287 723 1342 figura
760 1291 804 1330 et
842 1287 1140 1342 magnitudine
1182 1289 1238 1331 ab
1267 1287 1564 1331 Eratosthenis
1603 1293 1794 1344 tempore
1838 1299 1916 1342 per

289 1356 424 1399 multa
451 1356 626 1398 saecula
655 1355 912 1410 pervulgata
955 1360 1060 1399 erat.
1115 1356 1231 1409 quod
1270 1369 1357 1399 non
1388 1356 1629 1409 accidisset,
1659 1357 1697 1399 si
1727 1354 1915 1410 periplus

287 1424 489 1467 librorum
518 1422 812 1466 historicorum
839 1435 942 1476 pars
972 1422 1135 1477 fuisset,
1178 1427 1254 1465 aut
1274 1424 1332 1465 de
1363 1423 1439 1476 eis,
1464 1436 1576 1476 quae
1605 1422 1808 1478 Polybius
1834 1421 1913 1464 hoc

198 1517 207 1520 <
290 1491 442 1534 itinere
471 1492 741 1545 cognoverat,
766 1488 940 1531 omnino
969 1489 1030 1531 ibi
1054 1489 1143 1532 ulla
1173 1489 1332 1533 mentio
1359 1490 1475 1533 fact-a
1505 1496 1629 1533 esset.

402 1558 468 1602 15.
520 1559 639 1600 Haec
667 1556 800 1611 igitur
827 1557 1039 1599 sententia
1067 1556 1303 1611 rejicienda
1318 1561 1406 1612 est,
1450 1572 1537 1612 qua
1559 1558 1758 1601 commoti
1808 1571 1912 1600 non-

289 1625 396 1668 nulli
438 1625 544 1667 libro
585 1624 800 1666 tricesimo
846 1628 997 1677 quarto
1043 1624 1175 1666 totius
1219 1624 1332 1667 orbis
1362 1630 1569 1669 terrarum
1600 1625 1911 1680 geographiam

287 1693 511 1749 Polybium
552 1697 831 1736 tractaturum
875 1693 1006 1735 tuisse
1033 1697 1199 1748 putant.
1253 1693 1330 1736 sed
1373 1707 1459 1736 non
1504 1694 1789 1737 dubitandum
1834 1699 1912 1747 est,

288 1762 391 1816 quin
435 1760 724 1804 occidentales
772 1765 939 1803 tantum
989 1765 1124 1804 terras
1180 1761 1325 1815 eisque
1368 1762 1616 1817 adjacentia
1664 1762 1802 1806 maria
1837 1762 1911 1805 illo

286 1830 395 1873 libro
425 1830 694 1885 expositurus
725 1834 852 1883 esset,
879 1842 990 1883 quae
1018 1828 1230 1873 historicis
1255 1828 1344 1874 suis
1372 1830 1493 1873 libris
1523 1830 1700 1873 maximi
1728 1843 1913 1874 momen-

286 1897 318 1940 ti
333 1902 468 1951 erant,
493 1897 647 1951 quibus
662 1897 755 1940 sine
779 1897 907 1940 dubio
933 1897 1064 1940 totius
1093 1897 1206 1940 orbis
1230 1901 1438 1940 terrarum
1469 1898 1695 1953 descriptio
1725 1903 1768 1942 01
1798 1911 1912 1942 111011-

286 1978 389 2008 sura
411 1965 676 2020 praemissae
706 1969 840 2018 erant,
869 1978 966 2007 cum
988 1964 1154 2020 judicio
1194 1965 1289 2020 ejus
1319 1966 1373 2009 de
1400 1966 1613 2022 prioribus
1642 1965 1912 2021 geographis.

286 2033 363 2078 sed
406 2039 453 2076 ut
496 2032 550 2076 de
592 2032 724 2076 Italia
763 2034 950 2089 Bosporo
996 2033 1129 2077 Ponto
1168 2033 1327 2077 Maeoti
1360 2034 1594 2090 separatim
1622 2034 1825 2078 tractavit
1866 2034 1911 2078 in

286 2101 541 2156 quibusdam
571 2100 842 2144 historiarum
887 2101 1020 2156 libris,
1065 2101 1170 2144 haec
1205 2102 1389 2146 fortasse
1432 2103 1645 2146 sententia
1686 2103 1910 2160 probanda

286 2174 363 2224 est,
391 2183 486 2214 eum
513 2170 643 2214 etiam
674 2170 785 2213 alias
811 2170 1101 2225 geographiae
1130 2177 1288 2226 partes,
1318 2171 1372 2214 de
1408 2170 1561 2225 quibus
1589 2171 1719 2228 χωρὶς
1746 2185 1793 2215 se
1822 2171 1908 2217 dic·

287 2243 428 2281 turum
459 2238 690 2292 profitetur,
734 2238 780 2281 in
825 2238 1093 2281 historiarum
1138 2240 1326 2294 quodam
1366 2240 1473 2283 libro
1515 2239 1750 2296 separatim
1778 2243 1822 2282 et
1864 2239 1910 2282 in

285 2306 486 2348 continuo
531 2307 792 2360 exposuisse,
829 2307 947 2350 velut
984 2307 1039 2350 de
1075 2307 1383 2363 Hierosolymis
1399 2312 1413 2335 1
1455 2313 1498 2351 et
1526 2309 1580 2351 de
1607 2308 1802 2351 Α1”1·103,.2
1855 2308 1911 2350 ab

285 2372 495 2417 historicis
524 2380 668 2420 autem
697 2375 790 2431 ejus
816 2375 936 2419 libris
966 2380 1008 2420 01
1037 2376 1154 2431 111101,
1188 2377 1262 2432 qui
1289 2376 1534 2421 inscribitur
1564 2377 1618 2420 de
1645 2374 1910 2419 habitatione

285 2440 401 2483 circa
430 2443 788 2495 aequinoctialem
817 2448 860 2486 et
887 2444 1077 2499 periplus
1104 2458 1206 2488 orae
1234 2446 1403 2501 libycae
1433 2444 1688 2500 sejungendi
1714 2448 1822 2486 sunt.

379 2592 389 2612 ¹
419 2595 469 2636 16,
497 2596 547 2627 39.
575 2595 608 2626 4.
657 2592 672 2612 ²
695 2595 752 2628 ub.
787 2595 835 2624 12.
