2168 3278
1089 119 1145 164 18

300 242 571 297 longitudine
595 243 715 287 facta
743 248 821 298 est,
852 243 1008 299 quippe
1046 256 1157 305 quae
1186 243 1275 286 fere
1304 243 1361 286 ab
1388 242 1551 288 oriente
1580 245 1636 288 ad
1665 244 1929 290 occidentem

303 314 470 365 pateret
496 315 541 354 et
565 325 695 366 quam
723 324 865 367 paene
896 311 1010 355 2000
1040 310 1275 354 stadiorum
1300 310 1506 365 majorem
1536 311 1713 356 haberet
1728 312 1931 369 Polybius

302 390 430 431 quam
461 379 779 422 Eratosthenes.
797 382 811 405 ¹
871 392 955 433 quo
993 379 1152 422 factum
1193 382 1273 431 est,
1315 382 1361 421 ut
1395 379 1526 437 etiam
1565 380 1789 424 columnae
1813 380 1930 434 justo

302 445 481 489 nimium
509 446 774 491 occidentem
805 460 953 491 versus
982 447 1038 489 ab
1063 459 1112 490 eo
1140 449 1284 489 essent
1309 444 1557 492 collocatae.

419 513 485 556 15.
544 514 603 558 Ut
644 514 699 557 de
736 513 1007 569 longitudine
1044 512 1201 556 interni
1236 512 1390 567 maris,
1434 513 1563 557 etiam
1604 514 1659 557 de
1703 514 1930 558 latitudine

302 585 468 625 veteres
496 582 734 638 geographi
763 582 918 625 falsam
949 582 1163 625 habebant
1190 580 1458 636 opinionem.v
1502 585 1638 625 totum
1666 582 1780 625 enim
1811 595 1931 625 mare

302 650 610 695 Eratosthenes
641 651 754 694 3000
789 650 1028 693 stadiorum
1069 663 1164 693 esse
1202 649 1336 692 latum
1371 650 1564 704 putabat,
1604 663 1729 704 quem
1760 654 1930 693 secutus

302 717 506 773 Polybius
523 720 539 745 ²
578 719 812 761 maximam
845 731 942 761 esse
971 718 1242 760 latitudinem
1271 716 1381 759 hunc
1412 730 1635 760 numerum
1658 717 1770 761 inter
1798 719 1929 761 Euro·

301 798 402 839 pam
449 790 491 828 et
530 786 734 834 Africam,
776 790 818 829 et
855 782 1069 829 recessum
1109 785 1240 838 sinus,
1285 784 1358 838 qui
1395 784 1453 827 sit
1488 784 1545 827 ad
1576 785 1834 839 Narbonem,
1875 786 1930 828 ab

303 851 452 895 Africa
483 852 595 896 3000
623 853 861 896 stadiorum
891 852 1066 905 distare,
1096 852 1213 906 quod
1240 852 1508 895 intervallum
1536 852 1790 908 posteriores
1819 854 1933 897 5000
2003 870 2006 872 ’

303 932 398 964 esse
425 920 661 964 stadiorum
692 922 917 976 putabant.
934 922 951 948 ³
1009 920 1053 962 111
1090 920 1286 963 orientali
1322 925 1465 963 autem
1493 920 1625 963 maris
1653 926 1775 976 parte
1803 921 1931 964 latius

300 1000 419 1030 mare
450 992 582 1043 patet,
619 1002 716 1032 cum
754 989 808 1033 ab
846 988 1113 1032 Alexandria
1150 988 1324 1031 Rhodus
1361 987 1475 1031 4000
1510 987 1746 1032 stadiorum
1774 988 1931 1043 absit,4

302 1055 370 1098 cui
397 1055 579 1099 similem
608 1069 829 1099 numerum
860 1056 991 1100 etiam
1013 1056 1347 1100 Eratosthenes⁵
1375 1055 1514 1111 habet,
1555 1056 1626 1111 qui
1650 1057 1789 1100 minus
1817 1056 1932 1100 4000

301 1137 397 1167 essc
427 1124 532 1168 dicit
559 1129 603 1168 et
628 1125 745 1180 apud
772 1124 984 1168 Plinium⁶
1010 1124 1134 1168 3750.
1194 1138 1293 1167 nam
1316 1123 1472 1167 interni
1498 1124 1630 1167 maris
1659 1138 1735 1168 ora
1762 1124 1930 1167 meridi-

301 1192 442 1235 onalis
467 1193 557 1236 fere
585 1193 794 1235 orientem
832 1192 1054 1235 hibernum
1086 1205 1235 1235 versus
1274 1205 1327 1234 cx
1356 1191 1523 1234 illorum
1553 1191 1753 1247 opinione
1781 1204 1829 1235 se
1856 1204 1929 1235 ex-

300 1259 439 1302 tendit
459 1274 487 1302 a
505 1260 712 1303 columnis
731 1259 956 1303 Herculeis
974 1260 1032 1302 ad
1046 1260 1191 1302 Nilum
1218 1260 1406 1313 fluvium,
1437 1263 1496 1310 ut,
1518 1273 1613 1302 cum
1632 1260 1689 1302 ad
1714 1260 1932 1302 columnas

303 1327 359 1370 ab
387 1327 487 1381 ipsa
509 1327 816 1382 aequinoctiali
849 1326 1040 1382 incipiat,
1077 1338 1207 1381 prope
1236 1325 1540 1380 Carthaginem
1571 1326 1665 1382 jam
1692 1327 1785 1382 plus
1816 1326 1932 1369 mille

302 1394 447 1439 stadia
476 1395 531 1438 ab
557 1395 706 1438 eadem
734 1394 1039 1448 aequinoctiali
1062 1394 1176 1437 absit
1194 1398 1236 1436 et
1249 1406 1382 1449 prope
1397 1393 1704 1437 Alexandriam
1734 1399 1932 1448 quattuor

300 1462 421 1505 milia
448 1462 697 1507 stadiorum.

701 1679 775 1720 De
812 1677 1023 1720 interni
1064 1677 1231 1720 maris
1271 1678 1546 1732 partibus.

417 1789 482 1832 16.
543 1790 695 1832 Totam
718 1788 874 1832 interni
892 1788 1024 1831 maris
1048 1796 1213 1843 partem
1237 1789 1545 1833 occidentalem
1565 1790 1620 1832 ab
1641 1790 1932 1833 Eratosthenis

302 1857 502 1899 nomine⁷
546 1871 633 1900 non
673 1856 888 1899 decedens
928 1856 1185 1900 Sardonium
1224 1870 1341 1899 mare
1384 1857 1574 1900 nominat
1608 1857 1676 1912 (τό
1708 1857 1933 1913 Σαρδόνιον

302 1925 498 1979 πέλαγος,
512 1926 528 1951 ²³
551 1923 598 1966 τὸ
622 1924 816 1979 Σαρδῴον
831 1923 886 1979 ⁹),
900 1923 1012 1977 quod
1031 1927 1183 1979 postea
1202 1923 1406 1967 ibericum
1425 1925 1667 1979 ligusticum
1685 1926 1932 1969 sardonium

302 1992 565 2036 nominatum
606 1997 684 2035 est.
702 1995 736 2019 ¹0
793 2005 912 2035 oram
947 1990 1115 2034 Iberiae
1146 1990 1269 2034 alluit
1301 1996 1343 2034 et
1370 1992 1538 2036 Galliae
1573 2005 1706 2048 usque
1740 1993 1798 2037 ad
1824 1993 1932 2037 Rho-

301 2060 461 2103 danum
492 2065 534 2103 et
570 2073 667 2103 eam
706 2065 877 2114 terram,
920 2059 988 2102 ubi
1021 2058 1218 2101 Massilia
1247 2059 1333 2102 sita
1364 2064 1440 2102 est.
1460 2064 1492 2086 ¹¹
1551 2060 1756 2104 Sardinia
1788 2066 1931 2105 autem

300 2141 455 2171 nomen
490 2129 528 2170 ei
566 2128 697 2178 dedit,
736 2128 849 2181 quod
889 2131 931 2169 et
969 2126 1044 2168 alii
1084 2131 1125 2168 et
1155 2126 1359 2181 Polybius
1398 2128 1451 2170 de
1490 2128 1576 2171 situ
1605 2128 1728 2183 hujus
1761 2128 1930 2171 insulae

298 2196 456 2239 falsam
485 2196 701 2239 habebant
724 2194 983 2251 opinionem,
1011 2207 1106 2236 cum
1135 2192 1262 2237 sitam
1282 2208 1376 2238 eam
1401 2208 1496 2238 esse
1516 2195 1692 2251 propius
1718 2195 1773 2239 ab
1790 2194 1932 2238 Iberia

298 2275 428 2317 quam
459 2276 486 2305 a
512 2263 663 2305 Sicilia
692 2266 902 2318 putarent,
934 2274 1065 2317 prope
1095 2273 1192 2304 eum
1217 2262 1368 2314 locum,
1407 2276 1491 2317 quo
1515 2262 1880 2319 perpendicularis
1905 2275 1932 2304 a

298 2331 501 2373 Narbone
531 2330 589 2373 ad
618 2330 974 2384 aequinoctialem
1017 2328 1146 2371 ducta
1179 2328 1288 2372 hanc
1319 2329 1562 2384 attingeret.
1623 2331 1732 2373 alios
1766 2342 1932 2384 quoque

298 2398 409 2441 hanc
455 2398 701 2454 opinionem
747 2397 949 2441 habuisse
984 2396 1276 2439 Artemidorus
1326 2396 1470 2451 docet,
1517 2398 1589 2452 qui
1631 2398 1772 2454 ipsam
1812 2397 1928 2440 illam

297 2465 656 2521 aequinoctialem
680 2478 756 2520 per
787 2465 973 2508 Caralim
1007 2465 1050 2506 in
1080 2464 1281 2507 Sardinia
1312 2464 1438 2508 sitam
1469 2466 1664 2522 ponebat.
1680 2467 1717 2492 ¹2

417 2534 477 2576 17.
535 2533 792 2588 Lilybaeum
830 2532 1004 2576 Siciliae
1040 2532 1393 2586 promontorium,
1437 2534 1554 2587 quod
1602 2533 1719 2575 mille
1764 2537 1931 2575 tantum

295 2601 440 2644 stadia
464 2602 519 2644 ab
545 2614 621 2644 ora
652 2601 798 2656 libyca
837 2601 982 2652 abest,
1021 2600 1218 2642 sardoum
1260 2613 1377 2642 mare
1412 2600 1574 2643 dirimit
1604 2605 1647 2642 et
1675 2599 1878 2654 Africum,
1895 2603 1931 2627 ¹³

294 2674 341 2713 ut
369 2669 492 2725 quasi
523 2669 679 2713 fretum
710 2669 787 2712 fiat
816 2681 869 2711 ex
899 2672 1090 2711 veterum
1123 2667 1334 2724 opinione.
1358 2670 1393 2695 ¹4
1423 2667 1568 2711 hocin
1591 2680 1709 2711 marc
1738 2671 1930 2711 exterum

293 2738 469 2782 Siciliae
498 2738 612 2781 latus
642 2750 689 2781 se
720 2737 847 2780 vertit
867 2739 902 2763 ¹⁵
934 2732 986 2791 (ἦ
1016 2736 1097 2788 ἔξω
1127 2736 1320 2791 πλευρά),
1361 2737 1493 2779 etiam
1522 2735 1804 2790 Peloponnesi
1841 2736 1929 2779 Tri-

388 2929 398 2951 ¹
421 2932 466 2963 ib.
528 2928 544 2950 ²
567 2930 615 2964 id.
643 2932 718 2964 105.
781 2928 795 2950 ³
818 2930 865 2963 id.
892 2940 923 2972 p.
955 2931 1028 2964 115.
1089 2928 1103 2949 ⁴
1129 2930 1174 2963 id.
1209 2940 1241 2972 p.
1269 2931 1321 2962 25.
1385 2927 1398 2949 ⁵
1423 2929 1467 2962 id.
1494 2939 1526 2971 p.
1553 2930 1606 2963 86.
1666 2927 1681 2948 ⁶
1704 2929 1791 2963 Plin.
1817 2930 1849 2972 5,
1875 2929 1928 2961 36.

293 2986 308 3005 ⁷
333 2989 422 3019 Plin.
451 2989 482 3028 3,
521 2988 573 3018 10.
633 2985 648 3004 ⁸
673 2989 703 3028 3,
739 2988 791 3020 37.
822 2988 853 3017 8.
877 2990 939 3017 cet.
1003 2984 1017 3004 ⁹
1046 2990 1073 3028 l,
1112 2990 1164 3019 10.
1191 2989 1223 3018 5.
1249 2990 1312 3017 cet.
1379 2984 1408 3005 ¹⁰
1430 2986 1536 3018 Sti-ab.
1565 2987 1640 3020 122.
1706 2984 1734 3004 ¹¹
1760 2987 1792 3027 2,
1819 2988 1871 3016 14.
1897 2986 1927 3018 6.

292 3047 322 3087 3,
350 3046 401 3078 37.
429 3046 458 3076 8.
514 3040 542 3062 ¹²
566 3043 653 3076 Plin.
680 3044 712 3085 2,
740 3044 811 3077 112.
840 3044 917 3079 242,
973 3041 1002 3062 ¹⁸
1024 3044 1095 3076 Pol.
1125 3047 1153 3085 1,
1179 3045 1231 3075 42.
1288 3040 1314 3062 ¹⁴
1339 3042 1444 3076 Strab.
1471 3053 1504 3085 p.
1532 3043 1606 3077 122.
1661 3040 1688 3063 ¹⁵
1714 3045 1745 3086 1,
1772 3043 1824 3075 37.
1850 3044 1882 3077 4.
