2168 3278
1038 132 1091 176 14

249 256 377 299 Asiae
421 256 678 312 Africaeque
724 258 1023 313 conjunctione
1076 271 1212 312 neque
1254 259 1352 301 huic
1404 273 1539 315 neque
1588 261 1651 304 illi
1691 261 1882 318 opinioni

248 322 450 367 addicere
476 338 523 368 se
552 325 656 368 vult.
707 338 832 369 nemo
863 326 989 381 enim,
1025 325 1176 382 inquit,
1228 326 1286 370 ad
1314 326 1393 371 hoc
1426 332 1596 386 tempus
1625 329 1719 374 sine
1749 328 1880 373 dubio

248 393 463 435 affirmare
493 390 661 449 potest,'
676 400 817 436 utrum
844 408 871 437 a
897 395 1075 438 meridie
1101 395 1216 437 circa
1242 395 1511 452 Aethiopiam
1542 398 1649 441 Asia
1669 402 1712 441 et
1737 397 1883 441 Africa

248 460 506 504 cohaereant
535 466 578 505 et
607 466 722 505 terra
750 462 806 504 sit
832 462 1049 517 continua,
1079 476 1134 504 an
1166 476 1283 505 mare
1313 476 1411 505 eam
1442 463 1720 509 circumfluat.
1737 468 1752 493 ¹
1802 465 1880 509 sed
1919 461 1924 467 ’

248 544 345 574 cum
375 536 532 574 terram
563 534 685 586 putet
714 531 831 574 circa
875 531 1233 585 aequinoctialem
1270 544 1366 574 esse
1408 533 1597 575 omnium
1629 533 1881 578 altissimam

249 607 291 642 et
333 599 465 642 etiam
508 600 563 642 ab
592 612 645 642 ea
675 600 817 654 magis
847 599 1067 642 meridiem
1108 611 1257 642 versus
1296 603 1452 642 terram
1497 605 1647 655 patere
1684 601 1882 644 videatur

250 680 436 719 censere,
469 680 555 709 non
585 667 843 721 dubitamus,
882 668 985 720 quin
1014 667 1134 709 illam
1164 667 1421 710 sententiam
1450 673 1622 711 secutus
1652 669 1720 724 sit,
1751 681 1880 724 quam

249 735 366 792 apud
396 735 668 778 Aristotelem
696 735 879 791 primum
910 734 1151 778 invenimus
1176 739 1219 778 et
1245 748 1356 789 quae
1371 740 1523 792 postea
1541 737 1597 780 ab
1619 737 1880 793 Hipparcho,

248 804 427 857 MarinO,
459 804 704 846 Ptolemaeo
733 803 926 857 vulgaris
957 808 1023 846 est
1058 804 1188 846 facta.
1249 817 1454 859 magnum
1483 804 1618 859 igitur
1646 817 1765 848 mare
1807 818 1881 848 au-

249 872 393 922 strale,
424 871 538 924 quod
564 871 753 913 Rubrum
780 870 1038 925 nominatur,
1069 871 1189 914 nulla
1207 871 1247 914 ei
1270 872 1352 914 fuit
1379 871 1511 916 maris
1535 871 1740 916 Atlantici
1766 884 1880 928 pars,

247 939 357 983 sicut
382 939 652 983 Eratostheni
675 940 911 983 videbatur.
965 939 1073 983 duos
1104 943 1248 983 autem
1280 940 1404 995 hujus
1433 942 1566 984 Rubri
1598 940 1729 983 maris
1759 941 1881 984 sinus

249 1007 462 1064 separatis
500 1007 744 1052 nominibus
775 1006 1024 1051 distinxisse
1054 1020 1140 1051 non
1166 1006 1347 1064 videtur,
1391 1008 1467 1053 sed
1499 1013 1648 1065 totum,
1674 1013 1722 1053 ut
1751 1009 1881 1054 Hero-

249 1077 386 1129 dotus,
413 1077 543 1119 maris
572 1077 704 1118 Rubri
731 1077 903 1119 nomine
930 1078 1176 1132 complexus
1208 1082 1272 1119 est
1296 1075 1338 1135 (ἡ
1366 1076 1557 1135 Ἐρυθρά
1585 1078 1803 1128 θάλαττα).
1832 1078 1879 1120 in

248 1144 419 1200 Polybii
445 1144 566 1188 libris
583 1146 599 1172 2
627 1144 707 1189 hoc
737 1158 893 1188 nomen
922 1159 1007 1188 non
1033 1145 1202 1200 legitur,
1225 1145 1309 1189 nisi
1338 1145 1383 1188 in
1406 1146 1501 1189 sinu
1519 1145 1789 1202 appellando,
1808 1146 1881 1200 qui

247 1213 439 1268 persicus
469 1212 525 1255 ab
561 1212 659 1255 aliis
694 1216 885 1266 vocatur,
919 1212 964 1255 in
993 1226 1077 1268 quo
1117 1213 1248 1257 etiam
1280 1213 1468 1257 Arabiae
1504 1217 1742 1257 aromatum
1765 1226 1880 1257 men-

248 1280 408 1323 tionem
438 1280 585 1323 facit.⁸

364 1347 402 1392 9.
448 1348 612 1392 Eadem
636 1348 802 1392 ratione
816 1348 871 1391 ab
894 1349 1190 1392 Eratosthenis
1211 1348 1382 1392 decedit
1410 1349 1623 1405 opinione,
1648 1362 1746 1391 cum
1762 1361 1879 1390 mare

249 1416 560 1472 Hyrcanium,⁴
592 1429 688 1459 cum
720 1416 894 1460 Oceano
933 1416 1153 1460 confluens
1198 1429 1283 1459 non
1323 1416 1477 1472 faciat;
1513 1416 1626 1471 quod
1655 1415 1882 1472 Polybium

184 1479 189 1493 ¹
249 1488 426 1539 putasse
459 1497 512 1527 ex
537 1483 712 1526 sedibus
734 1487 926 1539 apparet,
959 1484 1004 1525 in
1022 1474 1175 1538 quibus
1193 1484 1432 1540 Apasiacas
1448 1484 1665 1527 Nomades
1693 1484 1880 1527 collocat.

251 1551 446 1595 habitare
485 1551 598 1595 enim
638 1551 712 1595 1203
748 1556 891 1595 censet
920 1551 1032 1595 inter
1061 1552 1197 1596 Oxum
1222 1552 1413 1606 fluvium,
1444 1552 1516 1606 qui
1546 1551 1591 1594 in
1620 1566 1739 1595 mare
1766 1539 1877 1608 Hyr-

250 1620 420 1663 canium
461 1619 626 1674 influat,
667 1624 709 1663 et
739 1619 933 1674 Tanaim,
965 1620 1036 1675 qui
1079 1620 1124 1664 in
1150 1619 1394 1663 Maeotim.⁵
1451 1619 1880 1676 Schweighaeuserus

248 1688 420 1742 quidem
449 1687 671 1743 Polybium
701 1688 781 1730 hoc
810 1688 904 1730 loco
934 1688 1115 1730 Tanaim
1151 1692 1275 1744 putat
1299 1692 1341 1730 et
1371 1688 1594 1730 Jaxartem
1623 1687 1880 1742 confudisse,

248 1757 320 1811 qui
343 1756 389 1800 in
418 1757 612 1801 Caucaso
641 1755 793 1799 Indiae
821 1760 966 1799 monte
1004 1761 1177 1799 exortus
1216 1756 1261 1798 in
1298 1768 1417 1798 mare
1445 1756 1710 1811 Hyrcanium
1742 1755 1881 1798 influit

249 1829 292 1868 et
324 1839 351 1868 a
379 1823 702 1877 Macedonibus,
719 1826 736 1851 ⁶
766 1824 837 1877 qui
870 1824 1002 1867 etiam
1031 1823 1212 1867 aliorum
1234 1823 1442 1867 montium
1472 1823 1780 1878 fluviorumque
1808 1836 1880 1866 no-

250 1893 369 1936 mina
406 1893 578 1936 illarum
612 1892 835 1947 regionum
885 1895 1171 1946 mutaverant,
1212 1892 1372 1935 Tanais
1402 1895 1467 1936 est
1496 1891 1749 1950 appellatus.
1804 1891 1882 1936 sed

251 1962 444 2017 quamvis
475 1961 725 2018 scriptorem
750 1961 869 2003 illum
899 1960 1021 2004 nobis
1051 1975 1135 2003 non
1171 1965 1330 2015 notum,
1371 1975 1423 2004 ex
1456 1974 1539 2015 quo
1569 1961 1770 2016 Polybius
1799 1961 1882 2003 hac

251 2031 305 2074 de
332 2044 378 2073 re
403 2043 483 2073 sua
512 2029 713 2079 hauserit,
743 2030 967 2073 Jaxartem
992 2028 1156 2072 Tanais
1178 2028 1350 2073 nomine
1365 2028 1627 2073 intellexisse
1650 2027 1883 2073 verisimile

251 2100 319 2151 sit,
350 2098 555 2153 Polybius
585 2102 732 2140 tamen
778 2098 914 2140 solum
960 2097 1078 2139 illum
1121 2097 1302 2139 Tanaim
1332 2096 1464 2140 Asiae
1512 2101 1640 2151 atque
1680 2090 1879 2153 Europae

248 2166 377 2210 finem
405 2164 626 2220 intellexit,
655 2180 737 2221 quo
765 2166 823 2219 fit,
848 2170 895 2208 ut
921 2178 1039 2208 mare
1055 2165 1319 2221 Hyrcanium
1340 2165 1451 2208 inter
1468 2165 1608 2209 Oxum
1631 2170 1673 2209 et
1695 2165 1879 2208 Tanaim

248 2236 293 2278 in
325 2235 545 2279 Oceanum
586 2234 760 2277 effluere
790 2238 832 2277 et
862 2233 1175 2289 Apasiacarum
1217 2232 1341 2276 sedes
1379 2232 1578 2276 dirimere
1613 2236 1765 2289 putare
1794 2246 1880 2276 non

249 2303 399 2358 possit.

365 2370 432 2413 10.
486 2371 584 2414 Jam
627 2383 758 2426 supra
804 2370 991 2413 diximus
1020 2370 1249 2426 Polybium
1293 2372 1469 2425 putasse
1495 2368 1714 2412 Oceanum
1744 2373 1880 2412 totam

250 2439 424 2493 cingere
452 2442 623 2492 terram,
654 2439 775 2493 cujus
802 2438 932 2480 maris
962 2437 1271 2481 occidentalem
1298 2441 1478 2492 partem,
1506 2449 1591 2490 qua
1613 2450 1689 2479 ora
1709 2437 1882 2480 Africae

250 2512 292 2550 et
319 2508 521 2562 Europae
551 2507 739 2550 alluatur
780 2506 891 2549 alios
923 2505 1142 2550 Oceanum
1183 2503 1404 2548 nominare
1446 2502 1564 2558 dicit,
1609 2503 1718 2548 alios
1762 2518 1881 2549 mare

250 2575 529 2618 Atlanticum.
549 2577 564 2603 ⁷
627 2576 760 2618 multo
808 2578 953 2618 autem
997 2577 1192 2630 praestat
1240 2572 1349 2616 mari
1391 2572 1560 2614 interno
1604 2572 1695 2615 sive
1737 2576 1880 2616 nostro

248 2642 558 2697 magnitudine,
588 2644 658 2686 cui
688 2643 819 2686 etiam
848 2641 1076 2698 opponitur
1114 2645 1155 2684 et
1186 2644 1377 2683 exterum
1393 2644 1569 2684 vocatur
1598 2644 1641 2683 et
1661 2653 1888 2696 mag-num.v

249 2708 295 2768 (ἡ
326 2711 408 2764 ἔξω
436 2713 507 2754 καὶ
533 2710 694 2769 μεγάλη
723 2710 927 2760 θάλαττα,
944 2711 959 2734 ⁸
996 2706 1022 2767 ἡ
1051 2708 1142 2762 ἔξω,
1180 2705 1207 2767 ἡ
1237 2706 1354 2760 ἐκτός
1370 2709 1415 2765 9).
1463 2708 1658 2764 ignotum
1689 2713 1754 2764 est
1782 2713 1824 2753 et
1854 2722 1882 2753 a

247 2780 398 2834 paucis
424 2780 659 2834 visitatum,
705 2793 800 2822 cum
835 2792 936 2823 orae
970 2779 1064 2834 ejus
1096 2777 1153 2820 ad
1189 2778 1294 2821 fines
1327 2776 1500 2820 Africae
1530 2781 1572 2820 et
1599 2777 1797 2833 Europae
1826 2779 1880 2821 ab

345 2962 352 2982 ¹
379 2966 411 3006 3,
437 2966 489 2998 38.
520 2968 546 2999 l.
575 2964 590 2983 ²
614 2968 647 3006 5,
672 2967 725 2996 46.
750 2967 779 2999 Τ.
818 2966 871 2995 48.
911 2965 960 2995 13.
988 2965 1040 2996 54.
1070 2965 1117 2994 12.
1146 2966 1176 3002 9,
1202 2964 1257 2996 43.
1283 2963 1313 2994 2.
1367 2962 1417 3001 13,
1443 2963 1475 2994 9.
1501 2963 1520 2993 3
1546 2967 1578 2993 et
1603 2964 1632 2994 5.
1683 2960 1697 2980 ⁸
1726 2963 1776 3003 13,
1802 2964 1832 2994 9.
1849 2965 1879 2992 5.

250 3018 265 3038 ⁴
290 3022 323 3061 5,
355 3022 408 3051 44.
445 3024 476 3053 5.
514 3025 575 3052 cet.
633 3019 647 3038 ⁵
675 3023 725 3062 10,
760 3022 815 3054 48.
847 3023 872 3051 l.
935 3017 950 3038 ⁶
974 3020 1105 3051 Arriani
1132 3029 1210 3060 exp.
1244 3018 1296 3050 Al.
1324 3019 1356 3059 3,
1382 3019 1433 3050 30.
1492 3018 1599 3050 Strab.
1634 3028 1664 3059 p.
1700 3019 1776 3050 509.
1803 3019 1879 3050 510.

251 3074 263 3096 ⁷
291 3078 344 3119 16,
369 3078 423 3109 29.
450 3079 478 3109 6.
529 3075 543 3095 ⁸
569 3079 599 3118 3,
625 3078 677 3109 37.
709 3080 759 3111 ιι.
811 3075 825 3095 ⁹
850 3079 882 3118 3,
912 3078 964 3108 37.
992 3078 1022 3109 9.
1062 3078 1116 3109 57.
1142 3077 1173 3108 2.
1212 3078 1265 3107 59.
1292 3078 1320 3107 7.
1373 3077 1425 3117 16,
1449 3077 1504 3107 29.
1532 3077 1561 3107 9.
