2168 3278
1076 142 1131 185 36

288 269 380 307 arte
412 264 570 318 aliqua,
601 278 730 318 quam
766 266 927 309 nullam
958 266 1184 319 habebant,
1224 270 1432 321 parantur
1461 267 1518 310 ad
1552 270 1712 312 victum
1741 269 1917 312 cultum-

288 345 371 386 que
411 333 526 376 vitae
564 333 847 379 necessariae.
903 335 980 378 sed
1008 334 1146 379 cubile
1188 334 1250 378 eis
1290 337 1382 377 erat
1412 334 1527 377 humi
1558 335 1603 378 in
1642 337 1847 381 stramine
1875 340 1917 379 et

288 399 407 443 cibus
432 414 544 443 caro.
599 400 779 445 divitiae
810 407 953 446 autem
984 416 1113 459 pecus
1149 406 1240 445 erat
1269 406 1312 446 et
1349 415 1512 456 aurum,
1555 403 1672 457 quod
1715 404 1795 448 hac
1824 404 1916 448 sola

287 480 433 510 omnes
465 469 509 510 in
536 473 672 519 terras
705 470 779 522 agi
807 470 1205 525 ferriquepossent,
1236 482 1319 523 quo
1349 470 1518 512 vellent.
1537 473 1549 495 ¹

400 537 438 578 4.
499 536 641 591 Ipsius
672 536 840 580 Galliae
871 539 1165 594 transalpinae
1205 536 1381 593 Polybio
1411 537 1573 592 exigua
1609 541 1774 581 tantum
1815 552 1915 593 pars

286 606 390 645 nota
421 606 527 656 erat,
568 607 615 646 ut
644 603 754 647 inter
783 605 962 648 Tanaim
995 609 1037 648 et
1066 605 1306 648 Narbonem
1336 606 1470 647 totam
1500 608 1653 647 terram
1693 605 1772 648 sub
1810 605 1916 661 ipsis

285 671 416 713 arctis
448 684 543 713 esse
573 672 756 724 positam
780 678 963 726 putaret.
1012 674 1089 716 sed
1118 673 1246 715 etiam
1273 684 1380 725 quas
1408 672 1618 726 regiones,
1646 673 1783 725 urbes,
1809 685 1915 726 quos

285 739 467 794 populos
507 738 659 783 fluvios
690 745 854 784 montes
887 741 1052 784 noverit
1092 746 1134 785 et
1176 739 1468 794 nominaverit,
1516 753 1599 783 non
1637 740 1806 784 scimus.
1870 740 1914 783 in

283 806 391 849 libro
422 807 636 850 tricesimo
681 813 843 863 quarto,
883 814 929 852 ut
964 809 1160 862 Iberiam,
1197 808 1327 850 etiam
1362 808 1546 851 Galliam
1579 808 1813 863 separatim
1843 808 1914 850 de·
1956 843 1959 849 .

283 874 466 930 scripsit,
499 876 576 918 sed
610 889 748 931 pauca
776 876 898 919 nobis
929 876 1006 919 hac
1039 876 1092 919 de
1122 881 1234 920 terra
1263 876 1500 919 traduntur.

396 943 617 997 Ligerim2
643 944 905 996 nominabat,
946 944 1061 998 quod
1105 945 1261 987 flumen
1298 944 1342 986 in
1381 944 1598 987 Oceanum
1635 944 1785 987 influit.
1856 943 1912 986 ad

282 1010 469 1065 Ligerim
498 1011 597 1054 urbs
640 1016 731 1054 erat
772 1013 855 1055 sita
892 1012 1073 1066 Corbilo,
1119 1025 1228 1066 quae
1272 1011 1441 1067 praeter
1466 1011 1703 1055 Massiliam
1734 1015 1775 1054 et
1804 1011 1911 1054 Nar-

282 1077 433 1120 bonem
477 1080 780 1133 gravissimum
808 1080 977 1123 Galliae
1020 1079 1255 1135 emporium
1300 1084 1402 1122 erat.
1464 1079 1577 1123 cives
1608 1079 1753 1122 harum
1784 1079 1911 1122 trium

281 1145 447 1187 urbium
463 1146 607 1199 Scipio
619 1147 887 1190 Aemilianus
913 1148 966 1190 de
988 1145 1213 1189 Britannia
1235 1150 1505 1201 percontatus
1530 1150 1607 1200 est,
1631 1159 1770 1201 neque
1792 1146 1911 1200 quid-

280 1225 412 1266 quam
442 1214 547 1256 certi
590 1228 846 1268 cognoscere
888 1215 1036 1271 potuit.
1098 1214 1299 1269 Polybius
1341 1214 1525 1258 fortasse
1573 1214 1710 1258 solam
1742 1213 1910 1258 Galliae

281 1293 399 1325 oram
430 1282 523 1338 ipse
551 1281 659 1327 vidit
681 1287 722 1328 et
753 1282 948 1328 Rhodani
979 1282 1133 1328 vallem
1164 1295 1298 1338 usque
1323 1281 1380 1326 ad
1409 1281 1611 1339 Insulam,
1639 1281 1910 1326 inde-autem

279 1348 408 1405 viam,
439 1364 550 1405 quae
576 1355 641 1394 est
671 1364 799 1407 super
825 1351 975 1406 Alpem
1000 1351 1176 1393 Graiam
1207 1350 1265 1393 ad
1295 1351 1508 1393 Insubres

394 1418 433 1462 5.
494 1419 623 1462 Oram
653 1419 822 1463 Galliae
844 1419 961 1473 ¹iusto
993 1418 1197 1461 minorem
1229 1418 1369 1473 habet,
1413 1432 1507 1461 cum
1536 1432 1563 1460 a
1592 1416 1823 1473 Pyrenaeis
1852 1415 1909 1459 ad

278 1497 375 1528 eum
421 1486 573 1539 locum,
618 1501 700 1541 quo
741 1485 960 1529 Hannibal
991 1485 1246 1528 Rhodanum
1287 1485 1470 1539 transiit,
1515 1489 1557 1528 et
1599 1484 1670 1539 qui
1711 1487 1910 1538 quattuor

277 1552 433 1597 itinera
452 1568 479 1597 a
504 1555 612 1597 mari
629 1555 790 1608 aberat,
821 1553 937 1597 mille
961 1557 1164 1596 sexcenta
1182 1552 1327 1595 stadia
1346 1566 1439 1596 esse
1469 1553 1598 1607 dicat,
1630 1566 1657 1595 a
1682 1552 1877 1595 Massilia
1893 1554 1909 1579 ³

278 1620 335 1662 ad
367 1623 585 1665 columnas
632 1623 728 1678 plus
773 1635 927 1665 novem
967 1621 1100 1675 milia,
1142 1634 1169 1662 a
1200 1621 1398 1664 Narbone
1438 1624 1479 1663 et
1512 1634 1538 1663 a
1577 1619 1810 1675 Pyrenaeis
1850 1619 1908 1662 ad

276 1689 452 1732 easdem
480 1691 567 1733 sere
597 1693 692 1732 octo
720 1689 838 1731 milia
868 1688 1149 1731 stadi01·um.4

388 1758 485 1813 Ipse
516 1758 660 1801 Narbo
690 1758 733 1800 in
760 1770 931 1801 recessu
962 1757 1081 1800 sinus
1112 1763 1177 1799 est
1203 1755 1298 1810 sita,
1328 1769 1451 1810 quem
1483 1756 1636 1800 Italiae
1666 1760 1709 1799 et
1739 1756 1906 1800 Iberiae

274 1826 401 1867 litora
431 1826 604 1868 faciunt.
658 1825 843 1867 fluvius5
890 1825 948 1867 ad
989 1825 1134 1867 urbem
1182 1828 1247 1866 est
1276 1823 1468 1877 ejusdem
1510 1824 1707 1877 nominis,
1746 1825 1819 1878 qui
1851 1826 1905 1867 ab

276 1892 373 1934 aliis
407 1895 518 1934 Atax
549 1898 733 1934 vocatur.
780 1892 891 1934 inter
917 1892 1024 1934 hunc
1054 1897 1095 1933 et
1126 1891 1369 1945 Pyrenaeos
1394 1896 1559 1934 montes
1576 1891 1717 1946 campi
1744 1896 1905 1947 patent,

273 1959 317 2001 in
359 1959 513 2013 quibus
553 1958 765 2002 llleberim
812 1964 853 2002 et
892 1959 1176 2003 Ruscinonem
1220 1954 1465 2013 (Ῥόσκυνος)
1491 1959 1659 2010 ,fluvios
1697 1963 1739 2001 et
1781 1960 1904 2002 urbes

274 2027 481 2080 nominat,
532 2040 636 2080 quas
674 2027 820 2069 Celtae
861 2027 1063 2071 incolant.
1133 2025 1287 2080 quibus
1326 2027 1489 2082 campis
1529 2031 1699 2069 tenuem
1734 2031 1902 2068 tantum

275 2094 446 2136 humum
477 2095 695 2138 inductam
728 2108 822 2137 esse
852 2095 968 2150 dicit,
1008 2108 1135 2149 quam
1174 2094 1309 2136 multa
1348 2094 1531 2149 agrostis
1559 2099 1691 2149 tegat.
1742 2094 1821 2137 sub
1851 2107 1904 2138 ea

272 2175 449 2205 arenam
475 2175 568 2206 esse
593 2162 700 2206 duas
727 2162 797 2206 vel
827 2167 912 2207 tres
939 2163 1063 2206 ulnas
1092 2162 1239 2216 altam,
1269 2166 1310 2205 et
1337 2163 1415 2205 sub
1446 2175 1579 2222 arena
1600 2174 1770 2217 aquam,
1793 2174 1903 2216 quae

271 2244 324 2273 ex
354 2231 496 2273 fluviis
522 2244 649 2284 super
672 2231 789 2286 ripas
820 2230 964 2272 effusis
997 2231 1210 2274 submissa
1243 2231 1310 2273 sit.
1341 2244 1435 2274 cum
1469 2243 1583 2283 aqua
1606 2230 1734 2272 etiam
1765 2229 1904 2284 pisces

270 2299 347 2341 sub
376 2304 535 2341 terram
563 2298 722 2352 venire,
754 2297 824 2351 qui
854 2298 1039 2353 agrostis
1070 2298 1237 2341 radices
1267 2303 1437 2354 pastum
1465 2297 1547 2339 sibi
1574 2301 1791 2351 quaerant,
1821 2309 1901 2351 quo

269 2366 373 2419 fieri,
406 2371 450 2407 ut
478 2365 620 2419 campi
644 2366 1015 2407 subterraneorum
1050 2366 1231 2419 piscium
1273 2365 1389 2420 pleni
1419 2364 1516 2417 sint,
1555 2365 1627 2417 qui
1660 2363 1901 2407 effodiendo

270 2433 507 2487 capiantur.
571 2432 612 2473 hi
651 2432 791 2486 pisces
832 2431 1000 2478 fossiles
1038 2430 1182 2485 (ἰχθῦς
1209 2429 1386 2487 ὀρυκτοί)
1421 2431 1560 2474 eidem
1590 2436 1701 2480 sunt,
1726 2444 1899 2484 quorum

268 2500 341 2543 alii
374 2513 540 2554 quoque
571 2499 628 2541 ad
662 2498 772 2541 hanc
794 2512 913 2541 oram
935 2499 1190 2542 mentionem
1215 2499 1391 2542 faciunt.
1409 2502 1425 2527 f*

381 2568 417 2610 6.
482 2566 678 2610 Rhodani
709 2566 845 2609 solam
876 2565 1117 2610 inferiorem
1146 2571 1312 2622 partem
1333 2566 1532 2623 Polybius
1563 2566 1693 2621 novit,
1724 2566 1778 2609 de
1804 2566 1898 2609 reli-

265 2635 357 2690 quis
380 2635 550 2679 fabulas
580 2640 741 2690 narrat,
772 2648 866 2678 cum
896 2647 1020 2677 nemo
1060 2633 1116 2677 ad
1158 2634 1202 2677 id
1242 2638 1408 2692 tempus
1438 2639 1571 2679 terras
1610 2633 1708 2678 illas
1741 2634 1886 2691 explo-

267 2708 404 2746 rasset
436 2708 477 2745 et
507 2703 698 2758 ipsarum
732 2703 899 2758 Alpium
942 2714 1096 2745 nomen
1134 2702 1391 2745 Hannibalis
1422 2703 1591 2745 demum
1626 2702 1899 2758 expeditione

265 2771 444 2815 Graecis
473 2775 617 2815 notum
649 2773 809 2815 factum
840 2774 965 2814 esset.
998 2770 1137 2813 fontes
1163 2769 1290 2824 igitur
1322 2770 1518 2813 Rhodani
1549 2782 1677 2825 super
1702 2770 1898 2813 intimum

262 2851 357 2881 esse
386 2839 517 2881 maris
551 2838 791 2881 Hadriatici
831 2851 1043 2880 recessum
1087 2841 1252 2890 putat,⁷
1295 2850 1492 2879 occasum
1530 2851 1678 2880 versus
1706 2839 1896 2892 fluentes,

357 3021 365 3040 ¹
393 3025 424 3063 2,
455 3025 505 3055 17.
533 3024 563 3055 9,
629 3020 643 3040 ²
666 3022 772 3053 strab.
803 3025 864 3054 190
925 3020 939 3039 ³
966 3021 1011 3054 id.
1044 3024 1114 3054 106.
1167 3019 1181 3039 ⁴
1209 3021 1253 3053 id.
1285 3022 1357 3054 105.
1411 3017 1423 3039 ⁵
1446 3021 1566 3054 Athen.
1593 3022 1697 3054 332a.
1749 3018 1764 3040 ⁶
1785 3021 1895 3055 strab.

263 3079 336 3109 182.
363 3079 403 3109 de
431 3080 503 3110 mir.
526 3087 614 3109 ausc.
642 3080 692 3108 94.
743 3076 755 3096 ⁷
780 3080 813 3119 3,
837 3079 888 3108 47.
917 3080 946 3107 2.
