2168 3278
1112 122 1169 168 50

321 247 495 302 quidem
516 247 668 303 hieme,
693 248 859 291 minimi
879 260 1047 290 summa
1076 252 1258 290 aestate.
1287 251 1439 290 contra
1467 248 1707 305 Euphrates
1734 260 1829 303 quo.
1844 251 1949 297 tem·

320 328 423 372 pore
466 315 663 360 canicula
679 315 893 370 exoritur,
940 306 1173 359 maximam
1213 314 1354 359 habetv
1387 327 1598 371 aquarum
1637 316 1808 373 copiam
1833 314 1949 368 circa

321 383 507 439 Syriam,
537 384 612 427 sed
643 396 727 438 quo
757 383 899 439 magis
940 383 1123 440 profluit,
1165 396 1215 426 eo
1256 383 1394 427 minor
1422 383 1483 438 fit,
1511 396 1608 432 cum
1642 384 1947 438 incrementum

319 464 444 495 suum
467 464 553 495 non
581 464 635 495 ex
662 450 954 495 adfluentibus
986 451 1172 494 hibernis
1191 451 1401 495 imbribus
1430 450 1589 507 capiat,
1613 451 1695 496 sed
1715 465 1771 496 ex
1791 451 1947 507 liques-

320 519 516 563 centibus
545 519 729 572 nivibus‚
759 519 998 563 deminutio
1030 523 1174 562 autem
1199 519 1292 574 ejus
1326 519 1402 561 fiat
1439 519 1562 573 aquis
1593 518 1651 562 ad
1677 519 1946 575 irrigandum
1995 542 1998 544 >

315 599 393 642 per
417 590 574 630 terram
602 585 780 629 deflexis
805 590 936 641 atque
959 587 1141 643 partitis.

429 655 469 698 5.
528 654 700 698 Arabia.
756 653 810 698 de
849 654 1095 711 regionibus
1135 654 1227 710 ejus
1264 653 1522 698 Chattenia²
1561 655 1806 722 nominatur
1833 666 1969 710 quae„

315 722 445 767 tertia
469 722 777 768 Gerrhaeorum
807 727 948 768 terrae
984 723 1103 780 regio
1144 727 1220 778 est,
1263 722 1422 768 sterilis
1452 722 1637 778 quidem,
1657 707 1743 768 sed
1769 721 1876 768 vicis
1902 725 1944 767 et
1980 717 1983 720 ’

314 789 503 833 castellis
525 795 634 834 tecta
661 796 833 846 propter
857 792 1167 835 Gerrhaeorum
1197 792 1290 847 agri
1312 791 1684 847 opportunitatem.
1716 789 1944 834 Gen-bacis

315 862 462 901 autem
507 864 684 902 aeterna
727 873 815 915 pax
860 864 903 903 et
940 859 1118 904 libertas
1157 874 1184 903 a
1227 859 1293 902 dis
1326 873 1555 903 concessae
1591 864 1702 913 sunt,
1722 898 1725 900 .
1746 863 1789 902 et
1829 862 1943 902 terra

314 939 458 971 eorum
490 927 727 971 libanotum
758 932 801 971 et
830 932 997 971 stacten
1028 929 1121 981 fert,
1159 933 1205 971 ut
1243 930 1285 970 in
1315 928 1423 971 mari
1452 928 1593 971 Rubro
1623 930 1818 971 aromata
1847 938 1942 969 esse

312 993 515 1051 Polybius
544 994 673 1038 dicat.

429 1062 467 1105 6.
526 1063 684 1106 Media.
739 1063 914 1107 Media²
943 1064 987 1107 in
1018 1064 1162 1107 media
1190 1064 1278 1107 fere
1305 1064 1411 1107 Asia
1439 1063 1524 1106 sita
1553 1063 1745 1106 maxima
1775 1062 1869 1118 ejus
1900 1066 1942 1104 et

315 1130 529 1175 altissima
553 1135 669 1176 terra
703 1136 782 1188 est,
821 1144 966 1187 quam—
981 1131 1262 1175 valentissimi
1293 1134 1335 1175 et
1361 1130 1538 1175 maximi
1576 1131 1720 1187 populi
1752 1130 1942 1186 cingunt.

313 1198 369 1241 ab
400 1198 602 1242 orientali
632 1199 726 1254 ejus
748 1203 871 1255 parte
896 1200 1038 1255 campi
1068 1204 1230 1256 patent,
1258 1199 1317 1242 ad
1346 1199 1573 1253 desertum,
1602 1199 1716 1253 quod
1745 1203 1811 1241 est
1832 1198 1943 1242 inter

311 1263 529 1309 Persidem
560 1270 603 1310 et
638 1266 936 1323 Parthyaeam.
996 1271 1145 1322 portae
1171 1266 1357 1321 Caspiae
1402 1266 1460 1309 ad
1497 1265 1603 1309 fines
1634 1265 1807 1309 Mediae
1843 1270 1943 1309 sunt

313 1338 356 1376 et
396 1334 441 1377 in
472 1334 641 1378 dicione
668 1334 902 1388 Medorum,
947 1334 1076 1377 etiam
1124 1339 1291 1378 montes
1328 1335 1592 1389 Tapurorum
1632 1333 1703 1390 (τά
1737 1335 1942 1388 Ταπύρων

310 1398 416 1458 ὄρη),
445 1401 519 1457 qui
549 1415 634 1446 non
660 1402 808 1459 procul
837 1402 993 1447 absunt
1018 1416 1046 1446 a
1075 1401 1183 1446 mari
1210 1401 1442 1457 Hyrcanio.
1462 1400 1743 1446 ‘Meridionali
1768 1400 1941 1449 Mediae

310 1469 422 1524 parti
455 1470 769 1526 Mesopotamia
798 1470 970 1526 adjacet
998 1477 1041 1513 et
1069 1470 1371 1526 Apolloniatis,
1411 1470 1637 1517 Callonitis
1652 1472 1670 1496 ³
1708 1474 1751 1513 et
1786 1469 1939 1523 Persis,

311 1549 439 1590 quam
480 1541 703 1593 utramque
734 1543 891 1583 terram
918 1539 1084 1593 Zagrus
1128 1540 1249 1582 mons
1290 1551 1317 1581 a
1347 1537 1493 1581 Media
1518 1543 1705 1594 separat,
1749 1538 1822 1592 qui
1865 1552 1941 1592 per

309 1604 556 1649 Callonitim
588 1610 755 1650 centum
787 1607 917 1651 habet
961 1606 1195 1651 stadiorum
1235 1606 1499 1649 adscensum.
1558 1605 1602 1649 in
1642 1606 1765 1663 plura
1795 1610 1939 1650 autem

304 1672 417 1728 juga
442 1673 511 1716 hic
550 1688 672 1718 mons
701 1675 917 1730 dividitur,
961 1688 1073 1730 quae
1117 1675 1256 1718 denuo
1286 1673 1614 1729 conjunguntur,
1660 1679 1705 1718 ut
1733 1687 1866 1718 cavae
1897 1678 1939 1717 et

309 1740 548 1796 profundae
572 1742 722 1796 valles,
768 1748 811 1786 et
849 1742 1064 1786 nonnullis
1105 1742 1151 1784 in
1191 1742 1296 1785 locis
1334 1741 1464 1785 etiam
1503 1743 1663 1796 planae
1693 1743 1938 1796 formentur,

309 1820 419 1862 quas
449 1808 627 1853 Cossaei
654 1810 857 1854 Corbreni
872 1813 890 1838 ⁴
927 1810 1078 1854 Carchi
1115 1810 1435 1864 compluresque
1465 1808 1540 1851 alii
1566 1809 1837 1852 barbarorum
1863 1812 1938 1863 po-

309 1876 399 1931 puli
422 1876 626 1931 incolunt,
657 1877 730 1932 qui
755 1877 812 1920 ad
827 1877 942 1921 bella
958 1878 1150 1933 gerenda
1170 1876 1399 1933 praecipue
1415 1875 1560 1919 idonei
1575 1889 1669 1920 esse
1694 1866 1938 1922 videnturs⁵

309 1943 575 1988 Occidentali
602 1945 769 1989 Mediae
798 1946 912 2001 parti
940 1946 1184 2003 Satrapei,⁶
1221 1946 1291 2000 qui
1322 1945 1533 1998 dicuntur,
1558 1945 1712 2000 objecti
1742 1950 1854 2000 sunt,
1884 1945 1937 1988 de

309 2012 463 2066 quibus
492 2012 587 2068 jam
632 2027 761 2070 supra
806 2013 1003 2058 diximus.
1081 2013 1156 2057 hos
1193 2026 1357 2068 quoque
1386 2013 1552 2067 Zagrus
1579 2026 1700 2056 mons
1731 2027 1765 2058 a.
1788 2013 1935 2057 Media
2010 2051 2013 2052 γ

308 2080 510 2136 sejungit.
570 2086 727 2124 terram
757 2095 915 2136 eorum,
945 2094 1057 2137 quae
1081 2083 1210 2124 etiam
1236 2082 1293 2124 ad
1315 2094 1433 2124 mare
1457 2081 1723 2137 Hyrcanium
1752 2081 1937 2137 pertinet

308 2147 454 2202 eisque
481 2148 605 2192 Ponti
642 2149 837 2205 partibus
867 2148 1074 2202 imminet,
1116 2162 1225 2203 quae
1267 2152 1367 2192 sunt
1395 2160 1523 2203 super
1547 2147 1719 2192 Phasim
1749 2148 1937 2203 fluvium,

308 2215 498 2259 bellicosi
527 2215 719 2259 homines
740 2217 944 2270 incolunt,
969 2216 1041 2270 qui
1065 2216 1259 2271 equitatu
1280 2215 1467 2258 maxime
1496 2219 1718 2270 praestant
1742 2220 1784 2259 et
1805 2216 1936 2260 etiam

307 2283 406 2326 aliis
431 2284 557 2327 rebus
585 2283 670 2338 ipsi
695 2284 777 2326 sibi
809 2283 1038 2338 sufficiunt,
1068 2297 1178 2338 quae
1208 2284 1265 2326 ad
1299 2282 1454 2325 bellum
1474 2283 1709 2337 gerendum
1740 2297 1934 2327 necessa-

306 2349 397 2392 riae
428 2354 538 2393 sunt.
597 2351 985 2405 Septentrionalem
1013 2350 1183 2394 Mediae
1219 2354 1384 2406 partem
1412 2350 1611 2406 Elymaei
1646 2351 1824 2405 cingunt
1850 2350 1935 2394 An-

307 2417 494 2471 iaracae,
536 2418 724 2473 Cadusii,
755 2420 948 2473 Matiani,
963 2422 978 2447 ⁷
1010 2419 1064 2462 de
1093 2418 1245 2472 quibus
1269 2418 1364 2472 jam
1393 2430 1522 2472 supra
1551 2417 1750 2461 diximus.

421 2487 522 2543 Ipsa
557 2486 702 2530 Media
745 2487 938 2543 pluribus
976 2486 1189 2531 montibus
1233 2485 1449 2539 dividitur,
1490 2485 1563 2540 qui
1594 2486 1648 2530 ab
1687 2485 1850 2530 oriente
1879 2485 1936 2530 ad

305 2553 568 2614 occidentem
604 2567 653 2597 se
692 2554 940 2610 extendunt,
979 2558 1021 2597 et
1059 2553 1170 2598 inter
1193 2567 1301 2610 quos
1333 2553 1469 2598 valles
1497 2557 1596 2597 sunt
1625 2553 1790 2602 urbium
1821 2554 1934 2598 vico-

304 2635 482 2677 rumque
509 2622 674 2678 plenae,
705 2635 882 2677 quorum
895 2622 1070 2666 vincolae
1092 2622 1363 2665 multitudine
1384 2626 1426 2665 ct
1444 2621 1601 2666 virtute
1621 2623 1771 2666 ceteris
1787 2622 1930 2672 Asiae

303 2689 476 2746 populis
504 2693 738 2747 praestant.
753 2691 771 2718 ⁸
807 2690 1007 2734 frumenti
1031 2695 1173 2734 autem
1203 2695 1245 2733 et
1275 2690 1439 2744 pecoris
1468 2689 1797 2735 innumerabilis
1828 2690 1934 2735 mul-

303 2757 441 2801 titudo
483 2762 526 2802 et
556 2758 682 2814 copia
716 2758 943 2802 invenitur.
962 2760 977 2783 ⁵³
1027 2758 1211 2801 maxime
1249 2758 1346 2813 equi
1391 2758 1451 2800 ibi
1487 2758 1670 2812 aluntur,
1691 2761 1728 2785 ¹⁰
1771 2762 1817 2802 ut
1854 2758 1933 2802 toti

401 2939 411 2959 ¹
436 2941 549 2982 steph.
586 2943 661 2983 Byz.
697 2945 730 2973 et
762 2942 856 2974 Suid.
893 2949 934 2972 sx
972 2941 1062 2973 XIII.
1136 2939 1150 2959 ²
1174 2942 1244 2975 Pol.
1278 2942 1310 2982 5,
1342 2941 1395 2971 44.
1428 2942 1469 2973 ef.
1504 2943 1556 2984 10,
1580 2942 1634 2976 27.
1707 2939 1722 2961 ³
1745 2943 1787 2977 cf.
1817 2944 1848 2985 5,
1876 2942 1933 2975 53.

305 2995 319 3015 ⁴
343 2998 526 3037 Schweigh.
552 3000 639 3037 conj.
666 2995 880 3040 Κορβιῆνοι.
946 2994 960 3015 ⁵
984 3000 1017 3038 5,
1048 2999 1101 3030 55.
1164 2995 1179 3016 ⁶
1205 2997 1388 3036 Schweigb.
1421 2999 1507 3036 conj.
1531 2993 1794 3041 Ἀτροπατετοι.
1861 2995 1875 3017 '¹
1899 2999 1933 3039 5,

302 3054 358 3086 44.
386 3054 416 3086 9.
468 3051 483 3071 ⁹
509 3055 560 3094 10,
583 3055 637 3088 27.
687 3051 702 3071 ⁹
726 3056 758 3095 5,
782 3055 834 3087 44.
889 3051 918 3072 ¹⁰
942 3054 988 3085 ib.
1014 3054 1057 3086 cr.
1087 3055 1140 3096 10,
1163 3054 1217 3087 27.
