2168 3278
1029 146 1083 192 35

355 272 393 315 3.
448 273 599 316 Nullus
645 273 915 328 antiquitatis
953 275 1136 330 populus
1176 286 1251 329 per
1287 277 1350 315 tot
1378 278 1469 315 erat
1500 274 1680 316 diffusus
1720 276 1868 317 terras.

242 350 342 384 nam
373 340 531 394 ubique
569 354 597 383 a
624 341 803 397 Polybio
840 342 955 386 Galli
996 342 1281 385 nominantur.
1337 354 1392 384 ex
1426 341 1569 396 patria
1598 342 1870 397 transalpina

242 408 300 451 ad
324 420 499 464 campos
522 415 741 463 venerant,
772 410 845 464 qui
870 415 1020 465 patent
1052 410 1167 453 circa
1197 408 1403 459 Padum,l
1433 409 1477 452 in
1509 409 1736 452 Graeciam
1762 408 1869 451 irru-

241 477 422 531 perant2
452 480 494 519 et
520 490 650 532 prope
686 477 970 521 Macedones³
998 482 1041 520 et
1064 477 1358 533 Byzantinos4
1400 477 1666 530 habitabant,
1692 477 1738 519 in
1764 476 1869 519 Asia

241 548 383 605 autem
402 543 562 587 xomnes
589 546 767 601 populos
799 545 927 590 armis
957 545 1040 590 sibi
1068 545 1303 601 vectigales
1332 546 1536 590 fecerant.

353 613 637 657 Mercenarios
668 627 740 657 eos
768 614 812 656 in
840 613 1097 657 exercitibus
1126 614 1232 657 citat
1257 613 1688 668 Carthaginiensium,
1714 614 1868 656 Roma-

240 692 401 734 norum,
446 681 728 736 Epirotarum,
759 681 1053 735 Macedonum,
1083 682 1360 735 Achaeorum,
1389 683 1759 736 Pergamenorum,
1787 681 1866 735 Sy-

240 760 393 803 rorum,
425 748 746 804 Aegyptiorum,
789 749 972 803 denique
1014 749 1211 793 omnibus
1238 749 1283 792 in
1323 750 1461 804 terris,
1504 750 1577 792 ubi
1607 749 1719 792 bella
1744 761 1864 802 gere-

239 815 406 870 bantur,
457 831 556 860 nam
600 820 717 861 nulla
763 818 852 860 alia
896 831 941 860 re
983 817 1181 873 occupati
1226 823 1360 871 erant,
1404 818 1486 860 nisi
1534 818 1642 860 bello
1686 822 1729 859 et
1769 816 1865 870 agri

241 883 451 925 cultura.5
500 891 620 927 scuto
634 889 648 908 ⁴³
686 887 915 928 utebantur
948 885 1106 927 iberico
1133 885 1273 939 simili,
1314 886 1390 927 sed
1416 885 1528 939 quod
1556 884 1692 927 virum
1720 888 1865 938 tegere

239 964 323 993 non
361 957 517 1006 posset,
563 953 728 1006 gladii⁷
768 960 911 996 autem
953 967 1097 996 eorum
1137 953 1307 996 ibericis
1351 953 1547 1007 dispares
1586 957 1722 1005 erant,
1764 965 1863 993 nam

238 1018 385 1072 magni
414 1024 537 1062 erant
565 1024 606 1062 et
638 1020 729 1063 sine
759 1020 1040 1075 mucronibus,
1076 1020 1131 1062 ad
1174 1020 1348 1076 plagam
1380 1026 1546 1063 tantum
1582 1019 1863 1074 infligendam

239 1085 330 1140 apti
368 1087 508 1141 spatio
537 1088 771 1143 interjecto.
837 1089 928 1141 jam
962 1094 1058 1143 post
1093 1089 1274 1143 primam
1315 1089 1488 1142 plagam
1519 1088 1866 1129 obtundebantur

237 1158 280 1195 et
309 1155 653 1209 incurvabantur,
682 1162 727 1197 ut
754 1156 861 1211 pede
890 1156 946 1198 ad
977 1161 1137 1198 rectum
1165 1156 1396 1198 revocandi
1427 1160 1581 1198 essent.

350 1222 419 1265 Ad
453 1224 567 1266 bella
604 1224 792 1277 gerenda
822 1237 916 1264 cum
950 1223 1194 1265 mulieribus
1222 1228 1265 1265 ct
1294 1223 1437 1264 liberis
1473 1215 1863 1276 proficiscebantur,

237 1287 309 1342 qui
338 1288 540 1344 plaustris
580 1303 651 1334 eos
690 1290 1070 1345 subsequebantur.
1088 1291 1104 1317 8
1160 1290 1205 1332 in
1235 1288 1423 1333 exercitu
1453 1303 1597 1332 eorum
1622 1289 1862 1332 innumera-

237 1356 334 1399 bilis
363 1360 455 1400 erat
499 1358 724 1401 multitudo
754 1358 988 1401 tubicinum
1019 1362 1060 1401 et
1089 1357 1363 1413 cornicinum,
1397 1370 1574 1412 quorum
1604 1357 1662 1400 ad
1685 1370 1861 1400 concen-

235 1430 325 1466 tum
371 1431 470 1468 ante
511 1439 699 1480 pugnam
732 1440 825 1468 cum
865 1427 994 1469 etiam
1025 1426 1155 1468 totius
1185 1429 1396 1468 exercitus
1435 1432 1587 1468 cantus
1624 1425 1861 1478 accederet,

234 1496 325 1535 tota
354 1493 473 1548 regio
503 1507 732 1547 personare
762 1495 997 1548 videbatur,
1029 1498 1074 1537 ut
1105 1494 1296 1536 hostibus
1325 1499 1459 1537 terror
1493 1493 1708 1536 incideret.
1728 1495 1743 1520 ⁹
1800 1498 1860 1535 te-

234 1560 429 1604 meritate
453 1567 594 1605 autem
612 1575 690 1605 sua
707 1567 833 1617 atque
854 1562 1041 1606 audacia
1059 1563 1095 1590 ¹⁰
1122 1562 1311 1615 hostibus
1324 1565 1528 1605 terrorem
1557 1561 1728 1617 quidem
1744 1560 1860 1605 Galli

233 1630 505 1684 injiciebant,
549 1631 625 1673 sed
668 1637 813 1673 notum
861 1644 1027 1685 quoque
1063 1636 1178 1684 erat,
1229 1631 1412 1685 primum
1450 1635 1618 1672 tantum
1656 1631 1858 1683 impetum

232 1698 639 1753 periculosissimum
661 1712 768 1753 esse,
809 1699 951 1752 quoad
976 1712 1044 1741 res
1066 1698 1112 1740 in
1138 1698 1267 1740 dubio
1294 1703 1419 1752 esset,
1438 1702 1471 1725 1¹
1505 1697 1692 1752 alioquin
1712 1696 1859 1740 molles

233 1779 306 1809 eos
337 1780 431 1809 esse
460 1768 714 1821 laboresque
749 1769 911 1821 fugere.
930 1768 966 1793 ¹²
1021 1767 1217 1809 omnibus
1247 1768 1291 1808 in
1317 1768 1444 1809 rebus
1474 1767 1616 1808 animo
1647 1767 1786 1821 magis
1817 1770 1859 1807 et

232 1834 363 1889 ira‚1³
393 1848 522 1890 quam
553 1835 718 1878 ratione
756 1835 937 1878 ducibus
962 1835 1204 1889 utebantur,
1245 1848 1390 1890 quare,
1422 1841 1467 1878 ut
1496 1848 1643 1878 omnes
1675 1830 1858 1889 barbari,

233 1903 365 1946 etiam
398 1904 513 1946 Galli
542 1904 719 1946 licentia
748 1917 827 1946 sua
855 1903 1037 1945 infames
1065 1909 1199 1957 erant,
1230 1917 1324 1945 cum
1351 1904 1511 1945 nullam
1542 1909 1702 1946 certam
1731 1902 1858 1945 fidem

231 1976 464 2025 praest-are,
492 1971 568 2014 sed
598 1971 654 2013 ad
681 1971 912 2014 seditiones
943 1973 1127 2026 prompti
1147 1984 1241 2014 esse
1262 1976 1526 2027 putarent-ur,
1547 1975 1581 1999 ¹4
1610 1984 1719 2025 quae
1740 1971 1859 2012 fama

230 2040 362 2081 etiam
394 2039 648 2092 augebatur,
693 2053 784 2080 cum
829 2039 1055 2081 immodice
1100 2041 1238 2094 epulis
1278 2044 1320 2081 et
1361 2040 1750 2095 compotationibus
1794 2038 1857 2079 in-

232 2106 470 2160 dulgerent.
490 2108 525 2133 ¹⁵

345 2175 510 2227 Regum
541 2172 718 2226 imperio
746 2176 867 2214 erant
890 2172 1081 2225 subjecti,
1103 2173 1179 2214 sed
1204 2173 1486 2224 potentissimi
1514 2179 1643 2225 atque
1671 2173 1857 2214 maxime

231 2240 448 2283 metuendi
463 2239 502 2283 ei
528 2243 649 2281 erant
676 2239 792 2294 apud
819 2239 979 2292 Gallos,
1010 2239 1084 2293 qui
1104 2238 1305 2282 comitum
1327 2239 1628 2294 clientiumque
1650 2239 1855 2294 plurimos

231 2322 375 2352 secum
405 2308 619 2351 haberent.
639 2311 674 2335 ¹⁶

345 2378 408 2419 De
457 2376 612 2420 vestitu
663 2375 883 2419 Gallorum
928 2375 1108 2418 braccae
1144 2375 1417 2419 nominantur
1444 2373 1701 2431 (ἀναξυρίδες
1718 2379 1769 2425 ¹⁷)
1813 2380 1857 2418 et

228 2445 340 2488 levia
367 2458 486 2500 saga,
508 2447 543 2470 ¹³
572 2448 821 2487 ornamento
838 2448 980 2491 autem
1004 2444 1120 2487 aurei
1142 2450 1314 2498 torques
1336 2447 1514 2497 erant,¹²³
1538 2445 1611 2497 qui
1630 2444 1855 2486 maniacae

228 2514 506 2566 vocabantur,
522 2514 562 2540 ‘³0
594 2517 636 2555 et
668 2511 872 2553 armillae.

339 2581 447 2623 Cum
476 2579 589 2623 bella
613 2592 698 2622 non
724 2579 984 2633 gerebantur
1013 2591 1141 2631 agros
1171 2578 1366 2621 colebant
1402 2583 1443 2620 et
1471 2578 1515 2619 in
1546 2578 1652 2620 vicis
1691 2577 1854 2619 habita-

229 2647 334 2689 bant
375 2646 625 2701 immunitis,
670 2645 949 2698 omnibusque
978 2645 1183 2687 carebant
1211 2646 1350 2698 rebus,
1395 2658 1505 2698 quae
1558 2645 1740 2687 scientia
1781 2650 1856 2687 aut

321 2846 332 2867 ¹
357 2851 389 2891 3,
413 2852 468 2881 48.
493 2853 524 2882 s.
574 2850 589 2871 ²
618 2854 647 2892 1,
673 2854 704 2882 e.
730 2854 760 2885 5.
811 2848 825 2870 ³
852 2852 902 2887 18,
928 2853 982 2884 37.
1010 2853 1041 2884 9.
1096 2848 1111 2869 ⁴
1135 2851 1168 2892 4,
1193 2852 1246 2881 38.
1273 2853 1303 2881 6.
1352 2853 1407 2891 45,
1433 2852 1463 2882 9.
1514 2848 1527 2869 ⁵
1553 2851 1584 2890 2,
1606 2851 1655 2880 17.
1684 2852 1734 2880 10.
1783 2848 1798 2869 ⁸
1823 2851 1856 2890 3,

231 2906 305 2939 114.
330 2905 360 2935 2.
410 2905 441 2948 2,
466 2907 520 2940 30.
548 2908 578 2940 3.
641 2904 654 2926 ¹
679 2907 710 2950 2,
735 2908 788 2942 33.
808 2909 838 2939 6.
888 2908 941 2940 30.
967 2908 997 2939 8.
1059 2904 1074 2925 ⁸
1098 2908 1129 2949 5,
1164 2908 1217 2938 77.
1243 2908 1273 2938 2.
1323 2908 1377 2940 73.
1404 2908 1434 2942 6,
1497 2903 1512 2925 ⁹
1537 2907 1568 2949 2,
1593 2906 1646 2940 29.
1674 2908 1705 2940 5.
1769 2903 1798 2925 ¹⁰
1823 2906 1854 2944 2,

227 2963 281 2995 35.
310 2962 339 2994 2.
405 2959 432 2980 ¹¹
459 2964 491 3004 5,
524 2964 578 2994 78.
615 2967 645 2997 1.
694 2966 726 3005 2,
759 2966 813 2998 32,
847 2966 878 2997 2,
928 2966 982 2997 35.
1010 2965 1040 2994 6.
1103 2961 1133 2981 ¹²
1156 2965 1185 3000 3,
1216 2966 1269 2995 79.
1296 2966 1326 2994 4.
1374 2966 1405 3005 5,
1441 2965 1494 2994 78.
1529 2965 1558 2994 1.
1624 2960 1653 2981 ¹³
1677 2964 1708 3004 2,
1743 2964 1797 2997 35.
1823 2964 1854 2994 3.

231 3015 261 3036 ¹⁴
285 3018 316 3058 2,
340 3019 371 3049 7.
397 3018 428 3048 5.
476 3019 532 3061 32,
557 3019 587 3049 8.
638 3020 669 3058 3,
695 3020 749 3051 70.
774 3021 806 3053 4.
858 3021 912 3062 18,
936 3021 989 3054 37,
1017 3021 1048 3052 9.
1101 3017 1130 3037 ¹⁶
1154 3020 1187 3061 2,
1210 3020 1260 3050 19.
1286 3020 1318 3050 4.
1381 3015 1503 3041 ¹⁶-1'1
1528 3019 1560 3060 2,
1589 3020 1640 3051 17.
1667 3020 1719 3052 12.
1771 3015 1798 3037 ¹⁸
1823 3019 1853 3059 2,

226 3075 282 3109 28.
307 3076 339 3107 7.
391 3072 420 3094 ¹⁹
443 3075 478 3116 2,
502 3076 557 3108 29.
587 3076 617 3105 s.
636 3072 701 3127 ‘²⁰
724 3077 755 3113 2,
781 3077 836 3107 31.
862 3078 894 3106 5.

532 3149 534 3151 ,
1582 3127 1630 3163 3⁸
