2168 3278
1051 99 1109 150 28

381 225 420 268 3.
479 226 687 281 Reliquae
717 233 863 272 autem
888 230 1088 286 Europae
1115 231 1168 273 ab
1197 228 1263 272 his
1297 230 1564 285 paeninsulis
1589 231 1898 288 septentriones

267 305 416 337 versus
445 294 556 338 sitae
579 296 771 341 maxima
800 311 902 354 pars
932 297 1154 353 incognita
1178 302 1243 341 est
1279 302 1322 341 et
1352 297 1482 342 etiam
1512 300 1672 345 arctico
1703 299 1898 360 subjecta

266 360 378 403 inter
408 362 664 406 Narbonem.
684 369 727 407 et
756 366 955 421 Tanaim,
994 371 1123 421 atque
1149 366 1188 409 si
1207 366 1305 421 quis
1329 366 1449 409 aliud
1480 367 1544 411 his
1568 368 1623 412 de
1651 368 1898 424 regionibus

267 441 442 472 narrare
491 431 595 473 velit
636 433 704 475 vel
744 434 943 490 scribere,
993 448 1087 478 eum
1131 434 1237 477 nihil
1287 433 1397 477 seire
1441 434 1697 490 fabulasque
1738 435 1897 490 fingere

266 497 470 552 Polybius
490 499 671 554 judicat.
689 502 703 526 ²
1721 522 1724 525 ’

321 699 367 725 a.
415 692 494 727 lle
518 691 684 737 primu
708 693 1033 740 paeninsula,
1059 702 1194 739 quae
1217 695 1284 730 ml
1308 695 1566 733 columnas
1590 695 1834 733 lien-cuns

957 751 1200 796 pertinet.

384 850 418 893 1.
477 852 540 895 Ac
571 852 752 908 primum
784 853 957 907 quidem
987 854 1040 898 de
1068 853 1145 897 illa
1177 854 1431 911 paeninsula
1459 853 1666 908 dicamus,
1698 868 1809 909 quae
1839 856 1894 899 ad

266 919 486 963 columnas
511 920 708 963 Herculis
738 922 922 976 pertinet
953 926 996 965 et
1025 922 1146 976 cujus
1174 935 1291 965 oram
1317 922 1372 965 ab
1398 922 1557 965 oriente
1578 922 1665 965 fere
1691 922 1749 965 ad
1773 935 1893 966 occa-

265 1000 359 1029 sum
410 1001 456 1030 se
498 988 727 1032 extendere
757 989 959 1045 Polybius
1004 1004 1101 1032 cum
1131 989 1284 1033 ceteris
1324 990 1593 1044 antiquitatis
1634 990 1893 1046 geographis

265 1054 456 1109 putabat,
486 1056 639 1110 quibus
667 1056 793 1113 huJus
821 1061 962 1100 terrae
1003 1071 1079 1101 ora
1110 1057 1403 1101 meridionalis
1433 1070 1486 1101 ea
1509 1056 1602 1112 fuit,
1631 1069 1740 1112 quae
1769 1058 1893 1101 nobis

261 1125 325 1164 est
354 1122 587 1168 orientalis.
640 1124 748 1167 vidit
779 1129 922 1168 autem
954 1124 1159 1180 Polybius
1201 1125 1313 1168 hanc
1351 1129 1519 1179 terram,
1566 1129 1612 1167 ut
1636 1125 1731 1179 jam
1761 1138 1891 1180 supra

264 1192 702 1247 commemoravimus,
747 1194 834 1248 qu'a
880 1194 933 1238 de
963 1207 1096 1238 causa
1127 1207 1331 1249 magnam
1362 1193 1459 1237 libri
1506 1193 1711 1237 tricesimi
1753 1193 1892 1248 quarti

264 1264 431 1314 partem
461 1261 740 1317 descriptioni
768 1263 859 1317 ejus
889 1263 1061 1307 dedisse
1089 1263 1271 1317 videtur,
1298 1262 1412 1316 quod
1445 1276 1572 1317 quam
1597 1262 1825 1317 diligenter
1851 1266 1893 1304 et

264 1327 435 1384 copiose
465 1329 628 1384 fecerit,
670 1343 724 1372 ex
754 1330 1008 1384 fragmentis
1037 1330 1244 1385 videmus,
1287 1343 1399 1384 quae
1442 1343 1497 1373 ex
1527 1330 1604 1374 hoc
1633 1330 1741 1373 libro
1769 1329 1892 1372 nobis

263 1401 435 1440 servata
464 1401 574 1440 sunt.

374 1464 413 1508 2.
473 1465 597 1508 Hanc
624 1470 768 1509 autem
797 1465 1096 1522 paeninsulam
1130 1466 1184 1510 ab
1216 1480 1304 1509 una
1341 1470 1464 1522 parte
1491 1469 1657 1509 montes
1683 1465 1892 1521 Pyrenaei

261 1533 505 1589 terminant,
551 1535 623 1589 qui
655 1534 845 1577 continui
888 1534 944 1577 ab
987 1535 1154 1577 interno
1197 1535 1307 1578 mari
1343 1535 1401 1578 ad
1433 1538 1623 1577 exterum
1651 1547 1678 1576 a
1714 1531 1893 1576 meridie

262 1601 319 1645 ad
350 1602 659 1658 septentriones
688 1607 952 1659 procurrunt,
998 1602 1054 1646 ab
1092 1602 1192 1646 aliis
1233 1607 1376 1646 autem
1401 1602 1596 1660 partibus
1621 1615 1736 1645 mare
1764 1602 1892 1647 inter-

261 1684 361 1713 num
390 1675 431 1714 et
460 1676 668 1716 exterum.
714 1670 928 1714 communi
958 1671 1129 1714 nomine
1155 1674 1247 1714 tota
1269 1675 1382 1714 terra
1408 1685 1492 1714 non
1521 1670 1775 1724 nominatur,
1815 1669 1892 1714 sed

262 1738 382 1781 illam
427 1739 521 1794 ejus
565 1743 746 1795 partem,
792 1752 904 1794 quae
943 1740 999 1783 sit
1042 1740 1127 1783 sita
1164 1740 1221 1783 ad
1250 1753 1369 1783 mare
1399 1744 1590 1782 exterum
1617 1743 1660 1782 et
1686 1751 1890 1793 magnum

264 1820 400 1862 nuper
430 1807 602 1850 demum
631 1807 853 1862 cognitam
892 1821 988 1851 esse
1026 1808 1131 1851 dicit
1175 1812 1217 1851 et
1246 1812 1382 1852 totam
1412 1822 1441 1861 a
1475 1807 1670 1851 barbaris
1712 1811 1754 1850 et
1782 1806 1890 1850 cele-

263 1874 457 1917 berrimis
483 1876 729 1919 nationibus
751 1876 1001 1926 habitatam,
1028 1876 1251 1930 dequibus
1269 1880 1467 1932 separato
1497 1888 1543 1918 se
1558 1875 1649 1918 loco
1680 1875 1890 1918 dicturum

262 1955 358 1986 esse
387 1943 619 1998 profitetur.
652 1957 746 1988 eam
779 1948 922 1987 autem
956 1948 1133 2000 partem,
1164 1958 1291 1999 quam
1321 1957 1439 1988 mare
1469 1944 1679 1986 internum
1710 1957 1737 1985 a
1764 1943 1889 1999 Pyre-

259 2010 383 2053 naeis
410 2024 545 2065 usque
574 2011 633 2054 ad
657 2013 877 2055 columnas
894 2011 1042 2066 alluat,
1072 2012 1255 2055 Iberiam
1282 2012 1505 2055 nominari.
1523 2013 1539 2038 ²
1569 2025 1653 2054 non
1679 2011 1889 2067 probabat

260 2078 393 2133 igitur
430 2079 726 2124 Eratosthenis
771 2080 897 2136 hujus
939 2079 1221 2136 paeninsulae
1260 2081 1591 2137 appellationem
1623 2078 1889 2134 Ligusticam

259 2150 394 2190 totam
425 2148 701 2204 nominantis,
719 2151 736 2177 ³
765 2163 861 2193 cum
892 2149 946 2193 de
976 2148 1208 2204 Liguribus
1245 2153 1287 2192 et
1317 2149 1389 2193 ubi
1417 2152 1561 2192 essent
1589 2146 1713 2191 sedes
1743 2160 1887 2190 eorum

259 2215 332 2258 illo
360 2220 563 2272 tempore,
586 2217 736 2261 melius
768 2231 896 2272 quam
915 2218 1218 2261 Eratosthenes
1247 2217 1423 2261 edoctus
1449 2220 1574 2260 esset.

372 2283 411 2328 3.
472 2285 537 2327 De
565 2285 758 2329 Ibericae
790 2298 891 2329 orae
926 2284 1196 2340 longitudine
1225 2298 1279 2329 ex
1316 2285 1493 2341 Polybio
1520 2284 1624 2328 haec
1651 2282 1774 2326 nobis
1803 2287 1886 2326 tra-

257 2351 436 2394 duntur:
451 2354 466 2375 ⁴

372 2431 399 2461 a
427 2418 635 2462 columnis
660 2419 717 2462 ad
744 2419 1059 2474 Pyrenaeorum
1082 2419 1289 2462 montium
1306 2419 1433 2463 finem
1462 2419 1518 2462 ad
1544 2432 1661 2462 mare
1676 2420 1887 2464 internum

258 2483 303 2543 (ἡ
330 2487 468 2542 ῥαχία,
496 2485 520 2529 ὃ
546 2491 680 2543 πέρας
707 2485 792 2529 ἐστὶ
817 2486 926 2543 πρὸς
953 2486 1002 2543 τῇ
1030 2484 1130 2529 καθ’
1158 2482 1266 2544 ἡμᾶς
1289 2486 1504 2542 θαλλάττῃ
1539 2488 1620 2529 τῶν
1648 2490 1888 2544 Πυρηναίων

255 2552 382 2612 ὀρῶν)
412 2556 502 2600 fere
524 2560 620 2599 octo
648 2556 768 2599 milia
797 2554 1034 2600 stadiorum
1061 2560 1277 2599 numerat:

625 2624 683 2666 ad
712 2623 1018 2679 Carthaginem
1047 2637 1204 2668 novam
1247 2624 1361 2668 3000

625 2692 683 2736 ad
714 2692 885 2736 Iberum
915 2690 1089 2741 fluvium
1249 2692 1363 2737 2600
1427 2691 1539 2735 7200

624 2761 682 2804 ad
712 2761 960 2817 Emporium
1252 2760 1363 2804 1600
1554 2813 1558 2816 ¹

254 2832 534 2872 numerantur
563 2834 706 2874 autem
735 2844 762 2873 a
792 2829 1056 2886 Carthagine
1081 2844 1193 2874 nova
1223 2829 1282 2873 ad
1311 2828 1513 2873 Insubres
1541 2833 1583 2872 et
1612 2828 1669 2873 ad
1697 2843 1886 2888 campos,

254 2895 326 2949 qui
349 2900 448 2938 sunt
470 2896 584 2940 circa
601 2897 765 2941 Padum
782 2898 871 2941 fere
901 2911 1054 2941 novem
1083 2898 1204 2942 milia
1231 2897 1481 2952 stadiorum,
1508 2909 1685 2952 quorum
1713 2897 1884 2954 quidem

349 3043 362 3063 ¹
387 3047 419 3087 3,
446 3046 499 3077 38.
526 3047 559 3080 2.
607 3044 624 3063 ¹
648 3047 682 3088 3,
706 3049 757 3079 37.
809 3044 823 3067 ³
846 3047 954 3082 strab.
982 3048 1036 3080 92.
1084 3046 1099 3067 ⁴
1123 3048 1156 3089 3,
1181 3049 1234 3080 39.
