2168 3278
1025 132 1083 179 22

234 270 355 301 orum
410 258 612 302 fluctibus
664 258 894 313 impleatur
947 272 1063 314 aqua
1111 259 1360 302 redundans
1415 258 1491 313 per
1537 259 1695 302 ostium
1743 271 1868 303 suum

161 359 163 362 .
237 326 475 382 Bosporum
505 325 781 370 Cimmerium
810 326 857 370 in
886 326 1068 371 Pontum
1097 325 1248 369 influit.
1314 326 1383 369 hic
1413 326 1630 381 Bosporus
1666 325 1759 370 fere
1794 326 1868 370 tri-

237 393 363 449 ginta
378 393 523 438 stadia
539 394 656 438 latus
673 394 907 450 sexaginta
922 395 1079 451 longus
1101 399 1143 439 et
1157 394 1354 438 omnibus
1376 393 1483 438 locis
1505 393 1661 448 brevis,
1686 393 1869 438 eandem

238 463 419 517 praebet
462 460 762 505 difficultatem
804 463 963 517 nautis,
1009 476 1095 518 qua
1120 463 1217 519 ipsa
1244 462 1428 506 Maeotis
1454 462 1633 506 Graecis
1660 465 1727 505 est
1751 465 1867 505 nota.

236 543 370 574 coeno
400 529 515 573 enim
543 543 621 585 per
664 530 817 574 fluvios
859 531 993 574 allato
1030 532 1092 574 ita
1127 529 1329 574 Maeotim
1366 529 1568 573 brevibus
1606 529 1868 574 obstructam

238 610 332 642 esse
361 596 479 652 dicit,
513 601 561 641 ut
589 595 786 652 plurimis
825 598 870 641 in
914 597 1021 642 locis
1064 611 1149 641 non
1179 597 1397 654 majorem,
1441 609 1572 653 quam
1602 599 1766 653 septem
1792 600 1869 641 aut

239 666 428 721 quinque
453 666 651 710 ulnarum
677 666 947 710 altitudinem
964 666 1183 722 praebeat,
1213 670 1295 720 quo
1310 665 1414 721 fieri,
1444 669 1491 709 ut
1513 665 1698 721 majores
1719 677 1885 721 naves,

238 734 324 777 nisi
367 734 556 777 locorum
588 734 737 790 peritis
768 747 843 777 eas
878 734 1230 788 gubernantibus,
1272 734 1433 778 intrare
1467 747 1554 777 non
1594 733 1774 789 possint.
1825 737 1869 776 et

238 802 353 857 quod
384 815 439 845 ex
468 806 659 845 veterum
698 802 951 856 scriptorum
994 802 1313 845 narrationibus
1341 815 1460 844 mare
1489 800 1592 844 olim
1614 800 1743 843 fuerit
1772 813 1868 843 cum

238 871 376 914 Ponto
405 869 638 924 confluens,
668 870 811 914 lacum
837 871 1000 914 factum
1030 884 1125 915 esse
1159 870 1297 914 dulcis
1326 882 1479 924 aquae,
1520 882 1616 912 cum
1643 868 1869 912 fluviorum

238 937 526 980 alluvionibus
558 937 667 979 mari
697 938 875 993 depulso
903 938 1072 981 illorum
1097 951 1212 992 aqua
1241 939 1383 981 lacum
1407 938 1598 993 impleat.

351 1004 420 1048 25.
480 1006 662 1049 Pontum
695 1009 838 1049 autem
868 1006 1173 1050 Eratosthenes
1214 1006 1402 1050 omnium
1441 1003 1633 1062 appellat
1671 1002 1869 1047 brevissi-

239 1087 355 1116 mum
384 1087 514 1128 mare,
541 1073 586 1116 in
615 1073 730 1128 quod
760 1074 959 1127 permulti
984 1079 1026 1118 et
1046 1076 1272 1130 permagni
1300 1074 1420 1119 fluvii
1447 1087 1625 1118 coenum
1651 1086 1775 1116 suum
1803 1071 1869 1114 in-

241 1142 416 1196 ducant,
462 1145 510 1184 ut
538 1142 775 1185 timendum
814 1142 870 1185 sit
906 1156 960 1186 ne
991 1143 1175 1198 denique
1207 1144 1368 1187 Pontus
1397 1143 1636 1199 impleatur.
1693 1152 1870 1183 causam

240 1209 385 1263 etiam,
417 1222 505 1264 qua
533 1209 622 1264 fiat,
647 1213 695 1252 ut
716 1223 769 1253 ex
794 1223 880 1252 uno
896 1211 1004 1253 mari
1028 1211 1072 1253 in
1098 1212 1279 1254 alterum
1300 1225 1415 1266 aqua
1429 1210 1590 1263 influat,
1620 1222 1716 1251 eam
1730 1206 1871 1260 habet,

240 1281 288 1320 ut
325 1277 662 1332 uniuscuiusque
698 1277 829 1320 maris
872 1279 1007 1321 solum
1045 1279 1267 1323 fluviorum
1307 1276 1714 1334 exaggerationibus
1735 1274 1872 1335 'altius

241 1344 333 1387 fieri
353 1348 487 1399 putet,
516 1357 603 1399 qua
626 1358 672 1388 re
696 1345 821 1401 effici,
852 1349 899 1389 ut
925 1359 1040 1400 aqua
1070 1359 1214 1389 eorum
1245 1347 1355 1390 sicut
1382 1346 1606 1390 fluviorum
1635 1344 1681 1386 in
1703 1342 1871 1397 depres-

241 1413 358 1456 siora
386 1413 483 1456 loca
523 1426 569 1457 se
613 1412 822 1457 demittat.
893 1413 1044 1457 eadem
1080 1415 1175 1470 jam
1221 1419 1321 1458 ante
1361 1413 1687 1459 Eratosthenem
1728 1410 1872 1455 Strato

241 1484 482 1536 putaverat,
525 1493 664 1535 neque
696 1480 899 1537 Polybius
946 1482 1000 1525 de
1028 1483 1110 1525 hac
1152 1483 1368 1526 sententia
1407 1481 1588 1526 decedit.
1642 1492 1744 1522 nam
1776 1490 1871 1521 cum

241 1548 369 1592 certis
398 1548 486 1592 sint
514 1548 783 1605 praescripta
809 1549 965 1593 finibus
992 1551 1130 1594 maria
1157 1555 1198 1594 et
1224 1550 1346 1594 multi
1372 1550 1491 1594 fluvii
1516 1549 1561 1593 in
1588 1562 1641 1592 ea
1678 1547 1872 1600 influant,

242 1629 400 1670 aquam
439 1616 484 1658 in
529 1615 623 1659 dies
664 1622 982 1661 accrescentem
1022 1623 1097 1661 aut
1139 1619 1265 1662 litora
1308 1631 1511 1675 superare
1548 1629 1725 1660 necesse
1764 1626 1872 1668 esse,

241 1685 359 1727 nullo
391 1684 508 1727 exitu
539 1688 747 1741 exstante,
779 1689 854 1728 aut
883 1686 921 1729 si
952 1689 1103 1741 exstet,
1134 1699 1210 1743 per
1239 1686 1318 1730 hoc
1342 1686 1496 1730 ostium
1525 1684 1723 1729 continuo
1747 1694 1872 1725 cursu

241 1752 426 1795 effluere.
478 1766 605 1807 quem
637 1765 806 1795 cursum
837 1755 1016 1797 alteram
1047 1767 1215 1809 quoque
1252 1768 1429 1798 causam
1461 1754 1667 1808 majorem
1694 1750 1872 1793 reddere

242 1819 361 1874 dicit,
386 1832 483 1862 cum
514 1833 631 1874 aqua
660 1821 951 1864 alluvionibus
980 1835 1177 1877 repressa
1206 1836 1282 1878 per
1310 1823 1466 1866 ostium
1498 1824 1636 1864 exeat.
1691 1822 1873 1870 utraque

173 1881 183 1892 “
243 1892 387 1930 autem
433 1900 566 1931 causa
604 1901 825 1943 nunquam
863 1889 1171 1934 intermittente
1200 1890 1330 1934 etiam
1359 1902 1567 1944 aquarum
1595 1898 1744 1932 cursus
1775 1897 1873 1928 con-

242 1955 388 1998 tinuus
416 1955 472 1999 sit
496 1969 672 1999 necesse
703 1970 811 2000 esse.
862 1962 986 2013 putat
1018 1958 1149 2001 etiam
1190 1959 1294 2014 fore,
1336 1962 1383 2002 ut
1422 1961 1464 2001 et
1492 1956 1674 2001 Maeotis
1707 1957 1750 1998 et
1777 1952 1872 2010 ipse

243 2024 414 2077 Pontus,
444 2027 602 2067 natura
627 2024 773 2068 horum
804 2025 990 2069 locorum
1015 2026 1163 2070 eadem
1198 2039 1366 2082 semper
1394 2029 1606 2079 manente,
1637 2020 1872 2078 aliquando

242 2092 308 2135 his
336 2092 559 2135 fluviorum
586 2093 995 2148 exaggerationibus
1028 2095 1297 2151 impleantur,
1324 2099 1492 2149 tempus
1515 2093 1628 2136 enim
1657 2090 1872 2133 infinitum

243 2173 351 2215 esse,
382 2159 520 2203 maria
549 2165 692 2203 autem
723 2161 881 2215 ubique
919 2162 1047 2205 certis
1086 2164 1241 2206 finibus
1281 2161 1558 2219 praescripta.
1615 2163 1658 2203 et
1685 2170 1797 2212 quac
1826 2155 1872 2198 in

241 2228 400 2272 Maeoti
423 2228 651 2278 evenerint,
678 2229 831 2272 eadem
860 2230 989 2273 etiam
1012 2231 1056 2273 in
1082 2231 1215 2274 Ponto
1244 2230 1382 2274 videri
1412 2242 1551 2287 posse,
1581 2227 1658 2272 sed
1687 2226 1732 2268 in
1750 2227 1874 2268 tanta

244 2297 431 2340 ambitus
461 2296 774 2351 magnitudine,
814 2310 942 2351 quam
980 2298 1123 2342 22000
1151 2296 1387 2341 stadiorum
1421 2298 1539 2352 dicit,
1569 2309 1655 2339 non
1682 2292 1872 2337 omnium

243 2364 376 2408 oculis
406 2376 501 2407 eam
542 2376 631 2407 rem
675 2364 913 2420 subJectam
954 2378 1062 2409 esse.
1121 2370 1167 2408 at
1193 2366 1231 2409 si
1261 2365 1356 2420 quis
1387 2366 1518 2408 etiam
1547 2362 1767 2420 paululum
1793 2359 1873 2403 hoc

243 2431 545 2487 observaverit,
578 2443 688 2485 eum,
729 2432 843 2485 quod
867 2432 960 2486 jam
991 2437 1080 2474 tum
1104 2433 1191 2487 fiat,
1218 2436 1490 2488 perspectum
1518 2427 1702 2474 haberess
1743 2441 1872 2483 quam

243 2514 332 2541 rem
357 2505 405 2541 ut
434 2500 585 2554 probet
608 2500 757 2541 eodem
773 2500 908 2541 utitur
924 2501 1131 2554 exemplo,
1164 2514 1249 2553 qua
1277 2501 1407 2542 etiam
1430 2500 1517 2541 alii.
1536 2501 1550 2524 ¹
1579 2500 1734 2540 Istrum
1760 2497 1873 2538 enim

244 2566 433 2622 fluvium,
455 2568 471 2593 2
502 2567 574 2621 qui
593 2566 883 2623 compluribus
906 2567 1028 2611 ostiis
1057 2581 1111 2611 ex
1135 2568 1308 2624 Europa
1331 2566 1376 2610 in
1396 2566 1580 2610 Pontum
1604 2580 1650 2610 se
1670 2563 1873 2619 effundat,

240 2637 341 2680 limo
372 2648 448 2680 suo
481 2636 610 2679 dorsa
633 2634 679 2679 in
710 2634 819 2679 mari
845 2640 1063 2680 exstruere
1096 2636 1212 2691 dicit,
1245 2649 1272 2679 a
1300 2635 1444 2679 nautis
1473 2634 1608 2693 στήθη
1638 2633 1873 2687 nominata,

242 2717 354 2758 quae
382 2704 511 2747 unius
540 2703 627 2746 diei
656 2704 749 2757 iter,
778 2704 835 2746 ad
865 2704 980 2747 mille
1009 2703 1153 2747 stadia
1183 2717 1213 2746 a
1232 2709 1346 2747 terra
1365 2704 1410 2746 in
1427 2716 1547 2746 mare
1565 2716 1612 2746 se
1639 2702 1873 2745 extendant

242 2776 284 2814 et
316 2785 430 2826 aqua
457 2776 572 2815 tecta
615 2772 661 2815 in
690 2786 903 2816 summum
939 2772 1157 2827 naufragii
1191 2772 1426 2829 perieulum
1454 2775 1584 2815 noctu
1613 2771 1872 2827 navigantes

244 2839 476 2882 adducant.
555 2840 678 2883 addit
726 2841 857 2883 etiam
901 2854 1061 2883 causae
1111 2840 1464 2896 explicationem,
1516 2853 1603 2894 qua
1639 2839 1722 2883 hae
1766 2839 1873 2882 allu-

241 2906 388 2951 viones
426 2920 513 2951 non
547 2907 591 2951 in
630 2908 736 2966 ipsis
766 2908 991 2953 fluviorum
1029 2907 1151 2952 ostiis
1182 2908 1228 2952 in
1256 2908 1395 2952 solum
1421 2907 1553 2952 maris
1582 2907 1873 2962 demittantur,

336 3052 349 3075 ¹
371 3053 483 3087 strab.
507 3064 540 3096 p.
566 3056 620 3089 50.
669 3053 684 3075 ²
707 3056 741 3098 4,
764 3056 819 3086 41.
848 3058 877 3088 1.
