2168 3278
981 120 1038 171 49

198 250 350 297 Asiam
375 248 450 294 cis
457 249 657 295 Taurum
684 246 782 297 eam
798 251 898 309 ejus
924 239 1109 310 partem
1119 250 1345 322 inteflegit‚
1386 263 1498 307 quae
1525 250 1707 297 Graecis
1725 262 1823 310 pro-

199 318 317 363 xiiiia
345 318 432 363 sita
459 322 526 364 est
553 319 600 364 et
620 319 759 375 quam
775 318 926 366 Asiam
950 316 1158 365 minorem
1180 333 1261 365 nos
1290 312 1493 375 dicimus,
1506 318 1662 365 Graeci
1681 322 1826 364 autem

199 391 410 445 separato
427 391 495 432 et
498 387 719 434 universo
726 390 898 435 nomine
927 403 1015 434 non
1044 388 1335 455 appellabant.
1409 385 1414 388 ’

187 514 189 516 ¹
311 454 352 499 2.
409 454 541 510 Asiae
564 460 708 502 terras
740 456 943 516 Polybius
967 454 1015 502 ὺι
1043 449 1318 504 historiarum
1343 456 1466 503 libris
1496 456 1722 502 occasione
1754 454 1826 501 ob-

200 525 290 567 lata
320 523 560 581 descripsit,
591 525 689 568 libri
728 524 871 570 autem
901 526 1105 571 tricesimi
1133 526 1279 581 quarti
1294 524 1402 589 pars
1430 524 1563 569 Asiae
1594 523 1825 580 descriptio

152 606 164 619 1
199 603 285 637 non
313 594 419 636 erat.
448 604 547 647 nam
573 592 807 654 maximam
836 594 967 640 Asiae
995 597 1163 651 partem
1176 616 1179 626 2
1192 609 1247 639 ex
1269 592 1373 640 solis
1403 596 1543 639 rerum
1571 591 1825 650 scriptorum

200 662 244 701 et
278 658 618 716 geographorum
660 661 780 704 libris
822 662 1035 717 cognovit,
1081 659 1256 717 quorum
1283 660 1608 714 Eratosthenem
1636 659 1825 703 maxime

200 731 267 770 est
295 727 483 774 secutus?
538 727 761 786 Polybium
789 733 932 772 autem
972 729 1239 784 singularum
1279 735 1487 774 terrarum
1516 729 1647 772 situm
1671 733 1823 789 parum

200 794 417 849 cognitum
455 794 668 852 habuisse,
710 809 764 839 ex
802 808 853 840 eo
882 795 1028 858 videre
1059 809 1298 852 possumus,
1340 795 1455 852 quod
1485 794 1655 840 Mediae
1682 793 1791 839 dicit
1807 796 1823 821 ²

201 866 365 917 partem
393 862 703 907 occidentalem
734 864 963 921 Satrapeos
997 854 1238 919 terminare,
1278 864 1350 919 qui
1377 867 1463 908 n'on
1488 862 1636 920 procul
1660 863 1716 907 ab
1737 861 1825 907 illis

200 929 370 986 populis
400 931 554 985 absint,
586 932 659 986 qui
684 932 741 975 ad
772 932 953 976 Pontum
979 937 1022 976 et
1050 932 1109 976 ad
1136 932 1307 976 Phasim
1338 932 1465 976 sedes
1494 944 1597 975 suas
1626 929 1827 992 babeant,

200 996 409 1042 orientale
435 999 568 1055 igitur
602 1000 726 1043 Ponti
757 1001 857 1043 litus
887 1005 1075 1044 teneant.
1130 1000 1454 1058 septentrionali
1485 1003 1630 1043 autem
1655 996 1827 1042 Mediae

200 1066 313 1121 parti
341 1067 570 1124 Elymaeos
599 1069 856 1125 propinquos
887 1082 981 1113 esse
1003 1073 1139 1124 putat,
1166 1074 1210 1112 et
1238 1069 1474 1113 Anariacas
1499 1066 1711 1112 Cadusios
1733 1066 1826 1110 Ma-

199 1132 352 1188 tianos,
398 1135 472 1190 qui
513 1136 576 1179 eis
603 1135 728 1179 Ponti
752 1137 946 1191 partibus
973 1136 1239 1190 immineant,
1270 1148 1382 1190 quae
1412 1134 1470 1177 ad
1499 1134 1704 1178 Maeotim
1729 1145 1825 1191 per-

198 1199 376 1257 tineant,
404 1215 459 1246 ex
478 1216 563 1258 quo
578 1207 759 1261 apparet
775 1202 997 1260 Polybium
1021 1203 1208 1248 Mediam
1234 1215 1334 1247 vero
1359 1202 1502 1258 uagis
1516 1201 1825 1259 septentriones

198 1281 345 1313 versus
370 1271 578 1326 posuisse,
609 1272 858 1327 praesertim
879 1285 990 1325 ,eum
1019 1271 1149 1314 etiam
1173 1272 1229 1314 de
1257 1269 1493 1314 Ecbatanis
1516 1269 1646 1325 dicat,
1660 1271 1683 1296 ¹
1714 1268 1826 1312 hane

199 1336 345 1380 urbem
387 1338 659 1383 aedificatam
702 1352 804 1383 esse*
837 1338 881 1382 in
914 1339 1237 1397 septentrionali
1265 1338 1435 1383 Mediae
1461 1341 1597 1395 parte,
1642 1340 1685 1380 et
1716 1346 1826 1390 quae

200 1403 262 1446 eis
306 1404 440 1449 Asiae
468 1405 593 1449 terris
621 1406 854 1461 immineat,
903 1419 1013 1461 quae
1050 1406 1138 1450 sint
1178 1406 1294 1450 circa
1323 1404 1527 1450 Maeotim
1556 1408 1600 1449 et
1629 1404 1824 1448 Pontum.

200 1484 296 1514 cum
322 1472 467 1517 Media
510 1478 652 1518 autem
693 1474 824 1518 etiam
866 1488 984 1518 mare
1022 1474 1286 1549 Hyrcanium
1327 1475 1470 1529 magis
1512 1471 1847 1530 septentriones¹

200 1551 348 1583 versus
370 1541 620 1596 ponendum
647 1546 752 1586 erat.

313 1607 351 1651 3.
409 1610 656 1665 Aegyptum
699 1622 785 1652 non
829 1610 961 1652 Asiae
1002 1596 1274 1652 tribuendam
1317 1622 1413 1653 esse
1448 1609 1544 1666 jam
1585 1607 1827 1652 Herodotus

200 1676 489 1734 contenderat,
504 1680 522 1706 ³
567 1677 645 1722 sed
687 1691 781 1721 cum
825 1677 956 1722 etiam
995 1678 1198 1736 Polybius
1228 1677 1375 1723 Nilum
1403 1679 1536 1723 Asiae
1581 1683 1625 1723 et
1653 1676 1827 1722 Africae

199 1745 327 1790 finem
368 1760 463 1791 esse
507 1747 637 1804 dicat,
675 1761 812 1803 neque
836 1740 1114 1793 decedentem
1150 1749 1204 1794 de
1240 1749 1322 1794 hac
1338 1771 1341 1774 ·
1359 1748 1619 1794 sententiam
1656 1747 1825 1803 aflerat,

199 1820 393 1872 apparet,
432 1817 545 1860 hanc
575 1829 840 1860 communem
881 1816 957 1864 illo
1001 1816 1202 1875 tempore
1228 1819 1485 1864 sententiam
1526 1817 1674 1873 fuisse,
1716 1828 1825 1872 quae

203 1880 509 1940 Aegyptiorum
547 1899 594 1929 re
623 1885 796 1941 publica
825 1886 1010 1929 maxime
1049 1887 1202 1929 effecta
1233 1891 1311 1941 est,
1355 1886 1514 1943 quippe
1554 1898 1663 1940 quae
1691 1885 1823 1928 etiam

197 1950 338 1994 Asiae
357 1955 499 2008 partes
524 1952 702 2008 imperio
725 1965 802 1996 suo
828 1952 1081 2018 subjecisset
1110 1958 1153 1997 et
1165 1953 1326 1997 multa
1345 1952 1461 1997 bella
1491 1952 1545 1996 de
1574 1950 1824 2044 Goelesyria

198 2018 415 2072 gessisset.

310 2082 467 2130 Multis
494 2085 580 2129 illis
610 2086 879 2142 conjecturis,
909 2100 1019 2143 quae
1048 2092 1149 2132 sunt
1178 2087 1231 2132 de
1259 2086 1448 2132 fontibus
1478 2086 1577 2142 Nili,
1599 2086 1825 2144 Polybium

198 2164 355 2196 novam
381 2153 604 2198 addidisse
627 2155 722 2210 Jam
755 2167 885 2210 supra
925 2156 1359 2200 commemoravimus.
1411 2155 1492 2199 sub
1518 2153 1823 2210 aequinoctiali

196 2220 310 2264 enim
333 2221 379 2265 in
408 2216 517 2266 zona
546 2222 623 2266 illa
648 2227 885 2278 temperata
910 2237 1099 2267 summos
1128 2228 1295 2267 montes
1324 2236 1556 2278 exsurgere
1585 2227 1721 2277 putat,
1764 2221 1821 2265 ad

195 2299 300 2341 quos
332 2290 476 2334 etesiis
522 2290 758 2348 permultae
805 2291 940 2335 nubes
994 2292 1261 2346 deferantur,
1321 2295 1368 2334 ut
1404 2290 1529 2334 multi
1566 2290 1626 2334 ibi
1662 2288 1820 2334 imbres

199 2355 482 2414 effundantur,
513 2359 665 2412 quibus
685 2357 779 2411 fiat‘
802 2364 849 2401 ut
874 2358 1000 2401 Nilus
1030 2359 1193 2402 oriatur
1219 2363 1262 2401 et
1292 2362 1523 2401 accrescat.
1536 2361 1554 2385 ⁴

312 2424 352 2469 4.
411 2421 714 2499 Parapotamia
728 2427 746 2454 ⁶
772 2430 815 2470 et
837 2425 1149 2483 Mesopotamia
1163 2427 1181 2453 ⁶
1202 2424 1410 2484 Euphrati
1439 2429 1483 2470 et
1502 2424 1670 2482 'tigridi
1697 2423 1821 2481 adJa-

199 2498 310 2549 cent,
333 2506 511 2560 quorum
524 2491 761 2538 fluviorum
796 2494 1068 2550 Euphrates⁷
1096 2495 1269 2550 quidem
1299 2494 1344 2537 in
1376 2492 1580 2537 Armenia
1607 2497 1723 2537 ortus
1749 2505 1825 2562 per

200 2561 373 2618 Syriam
396 2562 699 2619 'proximasque
733 2565 870 2606 terras
899 2562 958 2606 ad
987 2562 1282 2620 Babyloniam
1325 2559 1521 2621 pervenit
1549 2564 1593 2604 et
1626 2559 1676 2603 in
1703 2559 1823 2604 mare

199 2629 389 2674 Rubrum
414 2637 463 2674 se
488 2629 715 2674 immittere
737 2629 918 2685 videtur,
948 2643 995 2674 re
1022 2634 1167 2675 autem
1197 2642 1301 2674 vera
1330 2642 1445 2687 aqua
1473 2628 1568 2687 ejus
1593 2627 1725 2672 fossis
1748 2640 1825 2683 per

201 2708 330 2751 agros
353 2697 494 2742 ductis
522 2701 652 2742 antea
680 2697 929 2752 absumitur,
959 2710 1090 2753 quam
1117 2698 1163 2741 in
1191 2709 1308 2740 mare
1328 2691 1505 2740 influere
1532 2698 1686 2751 potest.
1741 2707 1827 2750 quo

198 2762 247 2805 fit
274 2769 321 2807 ut
344 2764 412 2809 hic
438 2765 592 2809 fluvius
619 2765 834 2821 plerisque
863 2765 1120 2809 contrariam
1158 2765 1313 2808 habeat
1344 2769 1557 2819 naturam,
1588 2763 1741 2818 quibus
1772 2774 1823 2805 eo

197 2830 381 2886 maiores
412 2831 564 2879 fluctus
591 2837 703 2888 sunt,
739 2846 823 2888 quo
862 2833 1005 2890 plures
1046 2837 1183 2877 terras
1220 2831 1524 2889 perfluxerunt,
1563 2834 1606 2876 et
1645 2828 1826 2874 maximi

295 2999 308 3019 ¹
331 3003 364 3044 5,
387 3003 442 3033 44.
467 3005 498 3035 8.
560 3001 582 3022 ²
611 3006 665 3046 10,
695 3005 750 3038 27.
811 3001 827 3023 ⁸
850 3003 975 3036 Herod.
1008 3005 1041 3045 2,
1076 2978 1127 3034 1¹7.
1161 3005 1214 3036 32.
1249 3004 1324 3034 158.
1384 2999 1400 3021 ⁰
1422 3002 1533 3036 strab.
1565 3003 1599 3045 2,
1631 3012 1665 3044 p.
1689 3003 1744 3038 97.
1769 3004 1825 3037 98.

202 3055 218 3075 ⁵
240 3059 274 3099 5,
296 3058 351 3091 48.
377 3059 429 3091 ιε.
454 3060 509 3101 69,
535 3062 567 3092 5.
614 3057 630 3079 ⁶
655 3062 687 3102 5,
711 3062 764 3092 44.
815 3058 830 3079 ⁷
855 3062 888 3102 9,
915 3061 971 3092 43.

506 3117 509 3119 “
1561 3112 1583 3148 4
