2168 3278
1069 133 1127 180 26

398 255 439 299 2.
493 258 558 301 Ac
603 258 658 302 de
701 258 836 303 Cerne
877 259 1050 314 quidem
1079 260 1285 305 Atlantici
1330 261 1465 305 maris
1507 262 1650 307 insula
1691 263 1778 308 alio
1820 265 1913 308 loco

284 325 438 370 dicturi
457 338 617 381 sumus,
648 324 704 370 de
716 326 979 372 Britannicis
1001 332 1144 373 autem
1162 328 1316 374 insulis
1345 325 1390 385 (ἦ
1415 331 1678 390 Bemmari,
1694 332 1708 359 ¹
1738 337 1914 388 Βρεττα-

284 395 394 437 νικαὶ
411 395 544 452 νῆσυι)
572 399 615 438 et
641 394 695 438 de
713 395 865 452 Thule,
896 410 1007 452 quae
1028 396 1211 441 senserit
1226 397 1440 453 Polybius,
1467 398 1574 442 nihil
1596 400 1705 443 satis
1734 390 1914 453 constat,

284 462 368 504 nisi
398 462 512 516 quod
529 462 718 518 Pytheae
748 464 1031 519 narrationes,
1061 465 1117 507 ab
1133 464 1416 508 Eratosthene
1431 469 1647 521 acceptas,
1672 466 1727 510 de
1747 466 1914 523 magni·

283 528 435 573 tudine
459 530 718 586 insularum,
762 531 817 575 de
845 531 990 576 insula
1016 531 1153 576 Thule
1182 536 1227 576 et
1258 532 1312 576 de
1344 532 1452 576 mari
1475 546 1609 588 prope
1634 547 1710 578 eas
1740 536 1836 589 sito,
1867 540 1914 579 ut

284 598 508 641 fabulosas
538 599 689 655 rejicit,
739 613 835 643 cum
878 612 933 643 ne
972 600 1116 656 Scipio
1146 599 1316 655 quidem
1347 599 1628 656 Aemilianus,
1657 601 1732 657 qui
1761 601 1912 648 Massi.-

284 666 443 711 lienses
474 668 776 712 Narbonenses
804 668 1131 712 Corbilonenses
1174 668 1239 712 his
1279 668 1333 711 de
1376 669 1625 724 regionibus
1654 671 1711 713 sit
1741 684 1913 726 percon-

286 738 414 789 tatus,
461 735 514 778 de
555 736 783 779 Britannia
821 736 1055 791 quidquam
1099 736 1251 779 audire
1291 736 1490 792 potuerit.
1541 737 1742 793 Polybius
1771 745 1913 782 autem

285 803 502 858 professus
532 808 637 859 erat,
653 806 669 831 2
698 817 745 847 se
769 808 816 846 ut
845 804 900 847 de
928 804 1027 847 aliis
1057 804 1218 859 ignotis
1248 804 1494 859 regionibus
1516 805 1650 848 etiam
1678 806 1733 850 de
1761 806 1914 850 insulis

286 871 545 914 Britannicis
573 876 616 915 et
637 871 691 914 de
710 871 869 914 fodinis
885 872 1048 927 plumbi
1072 873 1161 915 albi
1189 869 1280 913 κατ’
1299 871 1409 914 ἰδίαν
1428 873 1640 916 dicturum
1665 886 1772 917 esse.
1802 887 1915 928 quae

285 938 459 981 fodinae
488 951 584 981 cum
611 942 712 982 ante
737 939 958 995 Pytheam,
988 939 1061 994 qui
1092 939 1255 994 primus
1283 940 1471 984 Graecos
1493 939 1548 984 de
1575 939 1640 984 his
1670 941 1915 996 regionibus

284 1011 326 1048 et
356 1006 410 1049 de
439 1006 535 1061 ipso
578 1007 814 1050 insularum
843 1007 1189 1050 Britannicarum
1233 1008 1404 1050 nomine
1435 1008 1635 1051 certiores
1665 1009 1841 1062 fecerat,
1868 1009 1913 1051 in

284 1073 591 1116 Cassiteridum
617 1073 771 1117 insulis
806 1075 916 1118 sitae
952 1087 1048 1117 esse
1084 1078 1348 1129 putarentur,
1379 1074 1484 1118 haec
1513 1074 1657 1132 opinio
1689 1074 1914 1118 retinenda

284 1145 387 1195 erat,
417 1141 553 1196 siquis
577 1141 767 1198 Pytheae
789 1142 946 1186 itinera
966 1142 1125 1186 fabulis
1155 1142 1478 1198 adnumerabat,
1509 1148 1553 1187 et
1581 1143 1713 1187 etiam
1739 1143 1913 1187 nomina

285 1210 341 1251 ab
364 1209 439 1251 illo
469 1209 633 1253 tradita
660 1210 900 1265 rejicienda
929 1214 1064 1253 erant.

398 1277 606 1332 Ejusdem
647 1278 820 1332 generis
849 1292 902 1321 ex
930 1278 1100 1333 Polybii
1140 1277 1353 1321 sententia
1376 1278 1603 1321 Panchaea
1637 1278 1780 1321 insula
1808 1281 1913 1330 crat,

285 1357 416 1399 quam
444 1345 710 1389 Euhemerus
733 1344 778 1388 in
801 1345 924 1388 rubro
950 1358 998 1388 se
1026 1344 1134 1388 mari
1158 1344 1376 1388 invenisse
1398 1344 1608 1400 gloriatus
1640 1350 1716 1389 est.
1733 1347 1750 1373 ³

399 1413 435 1454 3.
496 1414 632 1468 Prope
674 1414 898 1456 columnas
935 1413 1132 1456 Herculis
1173 1413 1228 1455 ab
1270 1412 1379 1456 ostio
1417 1412 1514 1455 freti
1540 1412 1696 1466 viginti
1725 1412 1914 1466 quinque

283 1481 340 1525 M.
365 1494 406 1536 p.
431 1480 532 1532 (200
559 1480 728 1535 stadia)
743 1483 762 1509 4
790 1480 935 1524 Gades
962 1480 1168 1537 Polybius
1190 1480 1371 1523 collocat
1399 1480 1466 1533 (τά
1488 1479 1696 1535 Γάδειρα),
1725 1480 1914 1524 insulam

283 1563 380 1592 cum
410 1550 525 1604 urbe,
556 1549 678 1604 cujus
709 1549 877 1592 insulae
906 1548 1220 1604 longitudinem
1250 1547 1476 1592 duodecim
1512 1548 1568 1591 M.
1587 1562 1628 1605 p.
1657 1547 1728 1602 (96
1753 1547 1914 1603 stadia)

283 1630 378 1660 esse
400 1617 515 1671 dicit,
545 1617 816 1660 latitudinem
838 1616 923 1659 tria
948 1617 1004 1659 M.
1030 1631 1070 1672 p.
1100 1617 1181 1673 (24
1197 1616 1375 1671 stadia).
1404 1616 1586 1659 similem
1601 1615 1915 1671 longitudinem

282 1684 414 1727 etiam
431 1685 586 1728 Strabo
602 1685 736 1727 tradit
751 1687 768 1712 ⁵
796 1688 838 1728 et
855 1684 1160 1739 Artemidorus,
1174 1686 1189 1708 ⁶
1219 1683 1297 1728 sed
1324 1683 1378 1727 de
1408 1683 1637 1727 latitudine
1654 1682 1914 1737 discrepant,

283 1765 379 1795 cum
417 1752 572 1797 Strabo
615 1751 836 1795 minimam
883 1764 978 1796 esse
1018 1765 1149 1795 unum
1190 1750 1378 1794 stadium
1419 1750 1577 1804 tradat,
1622 1750 1914 1794 Artemidorus

283 1820 482 1863 sedecim.
549 1820 702 1862 abesse
744 1819 890 1863 Gades
929 1819 985 1861 ab
1024 1820 1197 1874 Europa
1228 1818 1426 1874 proxima
1453 1822 1577 1873 parte
1616 1818 1754 1861 minus
1782 1818 1914 1873 pedes

283 1887 596 1944 septingentos,
622 1886 789 1940 reliqua
808 1887 905 1942 plus
934 1890 1095 1941 septem
1118 1887 1176 1928 M.
1202 1901 1243 1942 p.
1272 1884 1343 1938 <56
1363 1885 1523 1939 stadia)
1549 1886 1752 1942 Polybius
1778 1889 1913 1941 putat.

282 1954 441 1998 ibidem
468 1954 781 1997 nobilissimum
810 1954 1006 1997 Herculis
1034 1954 1238 2009 templum
1266 1958 1382 2006 erat,
1425 1953 1547 2008 cujus
1577 1952 1631 1996 de
1659 1957 1785 2008 puteo
1814 1965 1912 2008 geo-

283 2023 437 2079 graphi
468 2022 760 2080 disputabant,
799 2036 897 2066 cum
938 2036 1053 2077 aqua
1083 2022 1176 2077 ejus
1205 2025 1396 2078 tempore
1426 2034 1627 2065 accessus
1650 2025 1693 2064 et
1720 2033 1913 2064 recessus

282 2092 414 2134 maris
436 2091 652 2133 contraria
682 2095 911 2146 pateretur,
957 2095 1004 2132 ut
1040 2090 1085 2131 in
1121 2102 1300 2131 accessu
1332 2089 1640 2142 intermitteret,
1669 2088 1714 2130 in
1743 2100 1912 2131 recessu

282 2157 451 2201 rediret.
504 2158 627 2212 cujus
670 2158 734 2200 rei
775 2171 950 2200 causam
982 2157 1185 2213 Polybius
1230 2170 1283 2199 ex
1321 2160 1511 2199 veterum
1550 2155 1822 2212 physicorum
1857 2155 1913 2198 de

281 2225 420 2269 ventis
450 2225 653 2282 opinione
694 2226 818 2269 affert
859 2224 1111 2269 detractam.
1165 2237 1261 2268 cum
1301 2223 1416 2267 enim
1445 2236 1470 2267 e
1499 2236 1631 2279 specu
1657 2234 1913 2276 recessuque

282 2293 480 2335 interiore
511 2298 720 2335 terrarum
747 2293 864 2335 venti
892 2292 1086 2346 edantur,
1101 2293 1119 2317 ⁷
1163 2302 1364 2334 accessus
1394 2290 1526 2332 maris
1566 2288 1728 2332 exitum
1767 2301 1911 2332 eorum

281 2360 475 2413 obstruit,
502 2373 586 2414 quo
616 2358 675 2413 fit,
706 2363 752 2402 ut
773 2358 831 2402 ad
859 2359 1042 2414 pristina
1069 2360 1167 2402 loca
1194 2357 1420 2401 redeuntes
1446 2357 1577 2399 fontis
1600 2370 1756 2410 aquam
1783 2357 1913 2413 repri-

282 2431 413 2471 mant.
473 2440 668 2471 recessus
704 2431 848 2470 autem
887 2428 1018 2469 maris
1061 2427 1177 2470 viam
1210 2425 1349 2469 ventis
1381 2424 1530 2480 aperit,
1559 2423 1713 2478 quibus
1745 2424 1913 2468 emissis

280 2496 378 2539 fons
408 2509 577 2550 quoque
601 2494 742 2537 redire
776 2499 929 2549 potest.
945 2497 963 2521 ⁸
1011 2494 1123 2536 hanc
1152 2492 1321 2550 Polybii
1355 2491 1599 2548 opinionem
1619 2490 1913 2536 Artemidorus

281 2568 325 2608 et
351 2563 607 2608 Posidonius
635 2562 964 2620 impugnabant,
994 2562 1105 2606 alius
1135 2561 1265 2605 aliam
1292 2572 1468 2605 causam
1491 2559 1687 2602 afferens.

396 2633 461 2675 De
493 2632 649 2674 interni
680 2635 825 2673 autem
855 2631 987 2673 maris
1025 2629 1177 2674 insulis
1207 2628 1412 2684 Polybius
1442 2640 1536 2670 cum
1565 2624 1675 2669 alias
1703 2627 1913 2683 copiosius

281 2700 496 2755 describit,
525 2704 615 2743 tum
644 2699 833 2743 maxime
857 2699 1064 2754 Siciliam,
1094 2712 1204 2753 quas
1232 2695 1541 2753 descriptiones
1569 2694 1646 2737 hoc
1670 2693 1762 2738 loco
1791 2709 1911 2751 prae-

279 2769 479 2813 termitto.

376 2915 385 2935 ¹
411 2917 517 2949 Strab.
548 2920 620 2950 104.
687 2916 702 2936 ²
726 2920 757 2958 3,
792 2920 844 2949 57.
871 2919 901 2949 3.
965 2912 978 2933 ²
1002 2915 1110 2947 strab.
1138 2916 1212 2947 104.
1245 2916 1286 2947 of.
1312 2913 1412 2946 Diod.
1446 2914 1478 2950 5,
1514 2913 1567 2944 42.
1628 2908 1643 2929 ⁴
1666 2911 1754 2945 Plin.
1779 2913 1812 2954 4,
1836 2913 1911 2944 119.

281 2972 428 3015 ’,βαιὴ
455 2983 488 3014 Ρ.
515 2976 589 3007 169.
645 2972 660 2993 ⁶
686 2974 917 3007 Artemidorus
949 2981 1002 3012 ap.
1029 2971 1204 3010 Agathem.
1230 2972 1284 3002 20.
1353 2966 1366 2987 ‘¹
1389 2968 1534 3001 Senecae
1556 2971 1624 3000 nat.
1649 2971 1777 3008 quaest.
1802 2970 1834 3010 5,
1861 2969 1912 3000 14.

280 3028 297 3049 ⁸
319 3030 428 3063 Strab.
455 3040 488 3071 p.
517 3031 594 3064 1⁷2.
