2168 3278
1012 82 1069 129 23

230 207 310 252 sed
335 208 399 254 ita
426 210 575 265 procul
611 224 639 254 a
678 216 795 256 terra
832 212 878 255 in
916 225 1035 256 mare
1073 212 1354 268 abripiantur.
1405 211 1558 256 fluvios
1588 210 1703 255 enim
1733 210 1856 255 vehe-

230 280 394 321 menter
420 276 611 333 mentes,
636 291 733 323 cum
753 279 798 324 in
827 293 945 332 mare
961 284 1131 334 exeant,
1160 283 1285 324 tanta
1307 280 1352 323 vi
1368 280 1586 335 praeditos
1612 291 1709 323 esse
1731 278 1839 322 dicit

230 347 278 387 ut
305 343 438 390 maris
467 345 626 401 aquam
653 349 863 405 repellant
890 353 933 392 et
961 346 1159 392 fluctibus
1188 346 1278 391 suis
1304 346 1478 391 humum
1507 351 1551 390 et
1567 359 1855 402 quaecunque

230 410 320 454 alia
348 424 494 456 secum
522 419 703 475 portent,
748 416 793 459 in
839 417 974 460 altum
1017 415 1207 472 ejiciant.
1259 416 1303 458 vi
1341 419 1485 459 autem
1524 414 1748 458 fluviorum
1774 427 1853 470 per

229 477 375 523 undas.
400 481 531 525 maris
558 482 708 537 fracta,
724 487 814 527 tum
841 484 1026 537 demum,
1064 495 1176 537 quae
1205 481 1324 526 fluvii
1353 482 1399 525 in
1429 495 1548 525 mare
1577 481 1852 538 propalarint,

229 541 288 589 ad
314 548 451 591 solum
478 548 659 596 demitti.
705 564 791 606 quo
809 551 912 606 fieri,
940 555 986 594 ut
1005 562 1124 593 mare
1150 563 1282 606 prope
1306 550 1419 593 ostia
1450 549 1600 591 talium
1630 548 1853 591 fluviorum

230 628 431 670 magnam
461 616 616 661 habeat
658 619 942 673 altitudinem,
991 618 1171 661 aliorum
1217 622 1361 660 autem
1391 617 1515 660 tarde
1555 616 1775 659 fluentium
1806 615 1851 658 in

229 682 337 737 ipsis
362 684 483 728 ostiis
510 698 688 729 coenum
719 687 981 730 demittatur.

341 750 408 794 26.
465 754 604 807 Atque
629 758 674 797 ut
688 753 912 798 veniamus
935 753 994 797 ad
1017 755 1252 809 Bosporum
1277 752 1507 796 Thracium
1523 751 1646 795 Ponti
1662 751 1819 795 ostium
1837 755 1851 778 ¹

228 822 270 861 et
288 818 346 862 ad
368 818 666 876 Propontidem
692 821 1114 877 Hellespontumque,
1147 821 1201 864 de
1226 821 1310 864 situ
1339 832 1482 863 eorum
1502 819 1633 862 etiam
1650 818 1853 874 Polybius

228 891 355 940 errat,
372 889 388 913 2
431 891 478 929 ut
507 889 810 932 Eratosthenes
850 889 1122 944 Hipparchus
1164 894 1206 931 et
1247 889 1341 943 ipse
1371 887 1652 940 Ptolemaeus,
1696 900 1793 929 cum
1823 900 1851 930 a

228 952 404 997 meridie
432 956 741 1011 septentriones
777 969 924 1000 versus
958 957 1095 1001 maria
1122 970 1169 1001 se
1197 955 1427 1000 extendere
1463 957 1596 1011 putet,
1635 967 1712 1010 per
1739 966 1851 1009 quae

225 1021 482 1077 navigantes
522 1036 551 1066 a
594 1025 699 1067 mari
733 1027 905 1080 Aegaeo
945 1025 1002 1068 ad
1039 1026 1220 1068 Pontum
1266 1028 1426 1067 nautae
1453 1027 1553 1066 noto
1596 1025 1773 1066 utantur
1809 1025 1852 1065 et

226 1089 339 1132 retro
363 1089 518 1134 etesiis.
587 1092 727 1147 ipsum
749 1093 872 1136 Ponti
897 1095 1067 1146 ostium,
1097 1093 1330 1148 Bosporum
1349 1090 1592 1145 Thracium,
1615 1104 1644 1134 a
1660 1091 1849 1145 Bosporo

227 1156 453 1200 Cimmerio
481 1158 641 1202 directo
661 1172 786 1202 cursu
818 1159 904 1203 500
928 1160 980 1202 Μ.
1010 1173 1051 1215 p.
1080 1159 1213 1215 (4000
1224 1158 1484 1213 stadiorum)
1514 1159 1668 1201 abesse
1699 1156 1818 1211 dicit,
1831 1158 1850 1183 ³

227 1228 270 1266 et
296 1224 607 1281 longitudinem
645 1226 738 1280 ejus
782 1226 863 1270 120
901 1226 1046 1270 stadia
1081 1239 1187 1280 esse,
1231 1227 1401 1280 qualem
1430 1225 1622 1281 plerique
1644 1229 1686 1268 et
1714 1225 1848 1268 etiam

227 1292 467 1336 Herodotus
498 1293 665 1337 habent.
680 1296 697 1321 ⁴
751 1295 871 1349 cujus
910 1293 1008 1337 ostii
1038 1293 1207 1337 initium
1249 1293 1306 1336 ad
1348 1291 1647 1349 Propontidem
1686 1292 1849 1346 Byzan-

225 1360 329 1403 tium
374 1364 440 1404 est
486 1364 530 1404 et
556 1360 812 1416 Chalcedon,
854 1362 952 1406 finis
983 1361 1041 1405 ad
1069 1361 1248 1406 Pontum
1290 1361 1335 1405 in
1362 1361 1493 1405 Asiae
1529 1360 1652 1404 litore
1680 1360 1847 1403 Fanum

224 1428 339 1483 quod
365 1428 521 1472 dicitur
550 1429 614 1482 (τὸ
643 1429 784 1487 ἱερόν),
824 1430 895 1474 ubi
926 1432 1062 1475 Jason
1092 1430 1260 1474 Colchis
1288 1430 1459 1474 rediens
1477 1429 1662 1484 primum
1691 1427 1848 1471 duode-

225 1497 308 1540 cim
338 1496 405 1540 dis
444 1497 712 1541 sacrificasse
748 1497 943 1542 traditur.
1002 1499 1045 1541 in
1075 1499 1301 1555 Europaea
1338 1511 1415 1542 ora
1443 1498 1624 1540 alterum
1652 1495 1847 1539 nominat

223 1565 385 1618 fanum,
414 1578 437 1607 e
468 1565 642 1620 regione
672 1565 842 1609 asiatici
867 1565 1009 1619 situm,
1051 1567 1162 1621 quod
1192 1566 1402 1610 Thraciae
1428 1565 1667 1620 Sarapeum
1694 1562 1849 1607 dicitur

225 1631 297 1688 (τὸ
327 1639 563 1688 Σαραπεῐον
605 1636 678 1689 τῆς
717 1631 906 1689 Θρᾴκης).
969 1635 1136 1677 Fanum
1177 1638 1319 1677 autem
1360 1632 1469 1675 illud
1505 1631 1716 1675 asiaticae
1744 1643 1846 1674 orae

224 1700 336 1743 idem
365 1705 444 1753 est,
473 1700 588 1755 quod
612 1700 704 1755 jam
730 1701 974 1745 Herodotus
988 1704 1006 1730 ⁵
1032 1701 1151 1745 novit
1181 1702 1386 1757 cuiusque
1416 1713 1563 1744 omnes
1590 1699 1848 1743 mentionem

223 1768 427 1821 fecerunt,
453 1768 526 1822 qui
557 1767 637 1811 hac
658 1768 713 1811 de
738 1768 913 1823 regione
941 1768 1211 1825 scripserunt.
1243 1767 1356 1824 quod
1377 1781 1471 1811 cum
1491 1765 1850 1823 opportunissime

223 1834 268 1877 in
297 1835 474 1890 Bospori
510 1835 621 1879 ostio
657 1836 785 1879 situm
830 1836 1051 1879 castellum
1088 1835 1250 1880 factum
1292 1839 1417 1890 esset,
1460 1847 1607 1880 omnes
1648 1834 1848 1878 civitates

224 1903 463 1958 adJacentis
489 1904 679 1958 regionis
706 1904 748 1946 in
778 1917 898 1946 suam
926 1908 1184 1958 potestatem
1212 1904 1405 1958 redigere
1429 1904 1671 1957 studebant,
1700 1907 1744 1945 et
1763 1902 1847 1958 By-

223 1971 407 2014 zantinis
437 1971 610 2015 Prusias
653 1984 729 2014 rex
773 1971 819 2014 id
864 1971 987 2027 cepit,
1022 1971 1095 2026 qui
1133 1984 1233 2014 mox
1270 1984 1380 2027 pace
1411 1985 1506 2015 cum
1530 1971 1617 2014 illis
1659 1970 1780 2013 facta
1801 1968 1848 2012 id

222 2038 401 2082 reddere
444 2043 619 2082 coactus
661 2044 738 2082 est.
795 2039 1019 2083 Strabonis
1063 2044 1208 2083 autem
1239 2045 1429 2094 tempore
1464 2037 1846 2083 Chalcedoniorum

222 2110 316 2150 erat
341 2107 501 2160 fanum,
518 2108 536 2133 ⁶
561 2107 673 2150 inter
700 2107 814 2160 quod
839 2110 882 2149 et
910 2108 1243 2162 Byzantinorum
1269 2108 1417 2150 fanum
1432 2107 1478 2149 in
1500 2108 1673 2161 Europa
1701 2118 1726 2148 e
1749 2103 1847 2148 'con-

222 2174 353 2217 trario
378 2174 521 2229 situm,
548 2173 861 2217 strictissimum
892 2174 1071 2230 Bospori
1101 2174 1240 2218 locum
1260 2187 1354 2218 esse
1382 2174 1450 2217 hic
1469 2173 1614 2217 tradit.
1643 2172 1847 2229 Polybius

222 2246 378 2295 autem,
407 2255 503 2286 cum
529 2242 765 2297 Sarapeum
794 2243 849 2285 ab
872 2243 1003 2286 Asiae
1023 2243 1124 2285 fano
1143 2242 1365 2285 duodecim
1379 2241 1525 2284 stadia
1541 2242 1694 2285 abesse
1714 2240 1845 2294 dicat,

222 2310 277 2353 ab
308 2310 505 2354 omnibus
531 2310 712 2365 decedit,
727 2310 744 2336 ⁷
772 2323 1029 2366 quamquam
1052 2310 1096 2353 in
1123 2310 1223 2353 aliis
1249 2309 1460 2353 mensuris
1482 2314 1525 2352 et
1552 2308 1845 2366 descriptioni-

222 2379 301 2420 bus
336 2391 432 2421 cum
475 2369 689 2432 plerisque
725 2378 948 2422 consentit.
1007 2379 1152 2432 itaque
1171 2379 1265 2433 jam
1299 2378 1432 2434 Gyllii
1447 2381 1464 2406 s
1494 2382 1588 2420 erat
1618 2376 1845 2430 sententia,

222 2461 307 2490 non
337 2446 586 2500 intellegere
615 2445 838 2502 Polybium
878 2445 933 2491 de
964 2445 1194 2491 latitudine
1224 2445 1417 2502 Bospori,
1451 2446 1529 2490 sed
1555 2444 1610 2490 de
1638 2444 1847 2490 distantia

221 2513 311 2557 fani
335 2513 390 2557 ab
418 2513 604 2570 Europa.
646 2513 765 2569 „fani
791 2513 905 2558 enim
927 2527 1006 2557 arx
1039 2513 1124 2558 sita
1147 2513 1228 2558 fuit
1243 2513 1288 2558 in
1308 2513 1536 2571 supercilio
1557 2512 1847 2570 promontorii,

221 2582 292 2624 ubi
322 2581 454 2624 etiam
483 2595 596 2625 nunc
624 2586 809 2625 castrum
840 2585 918 2636 est,
948 2581 1061 2635 quod
1084 2582 1240 2636 vulgus
1265 2582 1396 2625 etiam
1425 2582 1686 2625 Graecorum
1714 2581 1847 2623 nomi-

220 2654 297 2691 nat
329 2646 472 2704 Ἶερόν,
514 2650 561 2692 id
600 2654 666 2692 est
702 2650 888 2692 fanum.“
949 2649 1042 2703 ipse
1084 2649 1286 2705 Polybius
1303 2653 1320 2678 9
1361 2650 1620 2693 artissimum
1666 2649 1847 2705 Bospori

137 2780 147 2783 ῃ
221 2716 360 2760 locum
389 2716 501 2762 inter
530 2717 679 2762 fanum
706 2716 811 2761 dicit
837 2720 881 2762 et
908 2715 1125 2772 regionem
1154 2720 1302 2761 contra
1330 2716 1585 2774 Byzantium
1618 2717 1761 2773 sitam,
1788 2716 1847 2762 ad

315 2897 326 2918 ¹
349 2901 382 2943 4,
408 2901 461 2934 39.
508 2898 525 2918 ¹
550 2903 583 2943 4,
607 2902 660 2933 44.
687 2903 718 2934 e.
770 2900 784 2920 ⁸
808 2902 895 2936 Plin.
919 2904 951 2943 4,
978 2904 1030 2936 77.
1080 2900 1095 2922 ⁴
1118 2903 1242 2935 Herod.
1268 2904 1301 2943 4,
1327 2903 1381 2934 85.
1430 2899 1445 2919 ⁶
1467 2903 1514 2934 ib.
1561 2899 1577 2920 ⁶
1599 2901 1706 2936 Strab.
1722 2902 1846 2942 P=54³-

222 2958 297 2989 563.
322 2957 399 2988 319.
462 2955 475 2976 '¹
499 2958 622 2990 Herod.
647 2960 680 3000 4,
713 2960 768 2991 85.
803 2962 962 2999 quattuor
992 2960 1110 2991 stadia.
1172 2958 1187 2979 ⁸
1210 2959 1302 2991 Petri
1325 2959 1430 2998 Gyllil
1454 2959 1495 2990 de
1521 2960 1619 2999 Bosp.
1644 2958 1762 2992 'Plu-ac.
1787 2958 1846 2992 lib.

219 3013 262 3047 cf.
283 3020 400 3053 geogr.
423 3013 504 3045 min.
528 3013 572 3047 Π.
596 3022 631 3054 p.
656 3015 688 3048 9.
737 3011 753 3032 ⁹
776 3016 809 3057 4,
832 3016 887 3050 43.
