2168 3278
1016 126 1073 174 25

229 253 419 299 zantium
458 253 690 299 secundum
734 254 837 298 litus
866 254 1139 311 Europaeum
1178 252 1261 296 iter
1295 253 1438 301 facere
1467 252 1586 296 facili
1621 256 1666 296 61
1691 251 1855 296 directo

230 334 369 366 cursu.
427 322 543 377 quod
571 336 657 366 non
697 323 893 367 accidere
926 321 1238 366 Chalcedonem
1267 334 1416 364 versus
1444 320 1679 364 secundum
1705 321 1856 364 Asiam

229 389 559 447 navigantibus,
604 402 699 435 cum
740 390 979 436 Asiaticum
1022 389 1125 434 litus
1163 402 1344 445 magnos
1392 389 1599 446 praebeat
1641 388 1774 444 sinus,
1814 392 1858 432 et

229 458 533 514 Cyzicenorum
557 474 663 516 ager
692 462 781 504 late
808 460 854 503 in
885 458 1003 503 mare
1030 462 1263 514 procurrat.
1294 471 1380 512 qua
1406 471 1452 501 re
1468 462 1700 501 commotos
1725 457 1856 501 etiam

231 527 546 573 Chalcedoncm
564 542 618 573 ex
632 529 910 585 Hellesponto
925 527 1207 583 navigaturos
1233 526 1467 570 secundum
1489 527 1705 582 Europam
1723 537 1858 580 usque

233 596 291 639 ad
321 597 578 653 Byzantium
616 598 697 641 iter
737 597 895 651 facere,
940 600 983 639 et
1026 595 1129 638 inde
1170 594 1482 638 chalcedonem
1521 594 1699 649 Bospori
1739 594 1856 637 fluxu

237 677 349 708 usos.

343 731 410 775 28.
464 733 701 789 Propontis,
719 735 733 759 ¹
778 732 823 775 in
865 744 991 786 quam
1021 731 1186 774 Pontus
1229 743 1388 785 aquam
1418 744 1541 774 suam
1570 730 1738 784 emittit,
1781 743 1855 773 an·

231 800 398 855 gustias
427 802 554 845 habet
581 802 693 845 inter
719 800 920 857 Abydum
945 803 988 843 61
1010 799 1191 854 Sestum,
1207 802 1224 827 ²
1253 804 1296 842 et
1320 812 1398 856 per
1428 799 1750 855 Hellespontum
1766 801 1783 826 ³
1810 798 1855 840 in

230 868 449 923 Aegaeum
479 882 597 912 mare
624 869 776 912 influit.
834 868 911 911 has
948 868 1221 922 angustias,⁴
1266 872 1314 911 ut
1356 867 1508 921 quanti
1538 867 1624 911 sint
1653 866 1856 909 momenti

232 935 335 980 illae
361 936 487 981 urbes
518 936 791 992 demonstret,
830 949 927 980 cum
953 936 1062 980 freto
1095 936 1271 991 confert,
1308 935 1423 991 quod
1454 940 1519 979 est
1548 934 1606 978 ad
1635 935 1856 978 columnas

231 1004 438 1049 Herculis.
490 1018 589 1047 nam
616 1005 971 1059 quemadmodum
1005 1017 1059 1048 cx
1088 1009 1233 1048 extero
1263 1004 1386 1059 mari,
1430 1004 1544 1059 quod
1584 1017 1612 1046 a
1641 1003 1857 1046 nonnullis

231 1072 440 1127 Oceanus,
485 1074 541 1115 ab
571 1073 670 1116 aliis
694 1072 957 1115 Atlanticum
992 1086 1110 1116 mare
1140 1073 1389 1128 appelletur,
1435 1073 1480 1116 in
1516 1077 1708 1115 nostrum
1737 1085 1857 1114 mare

229 1152 364 1183 naves
396 1140 617 1197 pervenire
645 1153 731 1183 non
760 1140 937 1196 possint,
966 1139 1051 1184 nisi
1081 1140 1155 1183 illo
1178 1140 1286 1183 freto
1312 1145 1527 1196 superato,
1556 1140 1620 1184 ita
1644 1140 1775 1184 etiam
1803 1152 1856 1183 ex

230 1212 373 1250 nostro
419 1207 527 1250 mari
573 1207 618 1249 in
668 1207 967 1263 Propontidem
1012 1212 1055 1251 et
1097 1209 1277 1252 Pontum
1323 1222 1456 1252 naves
1501 1208 1724 1264 pervenire
1771 1221 1856 1250 non

230 1287 355 1331 posse
382 1273 498 1329 dicit,
526 1274 611 1317 nisi
634 1287 711 1331 per
738 1274 963 1330 angustias
991 1276 1103 1318 inter
1133 1275 1304 1320 Sestum
1329 1280 1373 1320 et
1402 1275 1602 1332 Abydum
1631 1275 1750 1319 sitas.
1780 1274 1858 1318 sed

230 1346 277 1384 ut
317 1346 509 1385 exterum
555 1356 673 1385 mare
714 1343 847 1386 multo
887 1344 1027 1398 majUs
1069 1343 1147 1397 sit,
1196 1357 1325 1398 quam
1368 1348 1582 1394 nostrum,
1625 1343 1690 1386 ita
1726 1343 1857 1385 etiam

229 1410 384 1452 fretum
436 1409 492 1453 ad
548 1410 770 1454 columnas
815 1410 944 1454 situm
995 1411 1128 1455 multo
1172 1412 1314 1468 majus
1362 1424 1479 1464 esse,
1526 1424 1654 1466 quam
1702 1411 1855 1454 fretum

230 1477 510 1532 Hellesponti,
536 1477 649 1531 quod
677 1477 762 1521 duo
796 1482 964 1521 tantum
993 1478 1138 1521 stadia
1162 1478 1219 1521 sit
1247 1479 1394 1533 latum,
1424 1478 1531 1521 illud
1562 1483 1704 1521 autem
1734 1490 1857 1520 sexa-

230 1544 364 1599 ginta.
423 1544 503 1588 huc
534 1545 751 1601 accedere,
779 1546 894 1601 quod
920 1547 1150 1601 angustiae
1178 1547 1446 1603 Hellesponti
1470 1547 1596 1602 quasi
1620 1560 1696 1601 pro
1722 1545 1857 1601 portis

231 1611 330 1666 sint,
359 1610 520 1667 quibus.
545 1611 736 1657 homines
758 1617 982 1669 utrumque
1006 1613 1107 1658 litus
1134 1614 1367 1659 incolentes
1395 1619 1582 1670 utantur,
1612 1627 1707 1658 cum
1729 1612 1857 1656 modo

228 1684 358 1735 ponte
384 1680 500 1724 facto
526 1684 749 1725 transeant
778 1682 831 1735 ei,
870 1682 943 1737 (1111
973 1683 1031 1726 311
1060 1687 1286 1738 utramque
1312 1684 1427 1728 orbis
1455 1688 1663 1727 terrarum
1692 1686 1857 1738 partem

230 1747 411 1803 pedibus
439 1748 503 1792 ire
533 1749 698 1804 malint,
728 1749 854 1793 modo
884 1750 962 1793 alii
989 1750 1183 1795 navibus.

983 2108 1138 2219 111(

798 2313 909 2385 Dc
954 2315 1286 2386 insulis,

353 2449 390 2495 1.
443 2450 583 2505 Atque
605 2455 652 2495 ut
680 2452 904 2496 veniamus
934 2452 992 2495 ad
1021 2452 1187 2497 insulas
1217 2453 1365 2497 horum
1395 2454 1589 2508 marium,
1619 2455 1673 2498 de
1704 2455 1859 2510 quibus

239 2517 316 2559 hoc
346 2518 437 2560 loco
467 2517 694 2562 dicendum
724 2520 847 2564 nobis
875 2533 971 2564 esse
999 2520 1179 2578 videtur,
1224 2521 1356 2565 etiam
1383 2521 1588 2579 Polybius
1619 2535 1694 2566 eas
1723 2535 1861 2578 neque

234 2587 433 2640 Europae
463 2600 602 2641 neque
630 2588 761 2631 Asiae
789 2601 926 2643 neque
953 2590 1127 2633 Africae
1158 2590 1425 2644 adnumerat,
1452 2591 1567 2644 quod
1601 2591 1773 2644 quidem
1806 2590 1860 2632 de

232 2651 383 2697 Sicilia
406 2658 576 2699 constat
605 2659 647 2699 et
693 2654 747 2700 (16
781 2655 997 2712 Sardinia,
1035 2671 1143 2713 quas
1178 2671 1265 2702 una
1295 2671 1390 2702 cum
1429 2657 1577 2701 Africa
1616 2662 1660 2701 61
1687 2658 1861 2714 Europa

235 2720 439 2764 nominat.
457 2725 474 2751 ⁵
517 2736 655 2778 neque
686 2737 781 2767 eum
806 2723 887 2767 hac
924 2724 967 2767 in
1009 2737 1055 2767 re
1085 2725 1139 2767 de
1174 2724 1355 2768 aliorum
1387 2725 1730 2781 geographorum
1762 2740 1860 2771 con-

236 2789 461 2833 suetudine
505 2792 727 2836 aberrasse
756 2791 943 2847 Scylacis
958 2796 975 2821 6
1018 2792 1206 2849 periplus
1245 2793 1380 2843 docet,
1426 2794 1471 2836 in
1512 2808 1596 2849 quo
1632 2796 1782 2839 Sicilia
1820 2801 1863 2840 et

231 2856 359 2902 Creta
385 2857 515 2901 simili
538 2859 704 2903 ratione
734 2861 791 2905 ab
820 2861 993 2918 Europa
1020 2865 1312 2918 segregantur.

327 3003 338 3025 ¹
361 3006 395 3049 4,
419 3007 473 3038 39.
502 3007 534 3039 1.
591 3004 608 3026 ²
630 3008 663 3050 4,
690 3009 744 3040 44.
770 3011 801 3044 6.
864 3007 945 3043 ⁸11».
1000 3007 1017 3028 ¹
1045 3011 1099 3052 16,
1133 3010 1187 3042 29.
1247 3007 1260 3029 ⁵
1287 3012 1316 3052 l,
1340 3010 1370 3043 2.
1399 3011 1429 3041 6.
1489 3008 1504 3029 ⁶
1528 3010 1613 3051 Scyl,
1639 3010 1659 3054 ξ
1685 3012 1737 3044 13.
1762 3010 1781 3055 ξ
1807 3013 1859 3044 47.

228 3072 340 3103 geogr.
366 3064 447 3095 min.
472 3064 497 3106 1,
523 3073 555 3105 Ρ.
581 3065 636 3106 21,
659 3075 694 3106 Ρ,
717 3067 772 3097 41.
