2168 3278
1001 111 1005 114 ⁴
1047 76 1074 120 7

247 202 452 249 historiae
491 207 614 261 parte
677 204 873 249 confecta
925 206 1026 252 belli
1066 206 1218 251 Iberici
1269 203 1514 248 narratione
1550 202 1776 260 Polybium
1815 200 1875 246 ad

245 272 464 317 Iberornm
492 275 651 316 terram
673 273 888 330 copiosius
931 273 1258 319 describendam
1282 271 1539 318 commoveri
1563 285 1739 315 necesse
1767 275 1873 326 erat,

244 340 411 383 factum
433 344 513 396 est,
543 344 591 383 ut
618 340 1047 397 Schweighaeuserus
1071 343 1235 399 primus
1257 340 1403 384 omnia
1426 341 1673 396 fragmenta
1690 352 1871 395 geogra-

243 406 383 462 phica,
424 420 536 462 quae
553 399 650 450 ¹non
679 408 723 451 in
754 409 832 452 hoc
860 410 928 453 vel
956 410 1032 453 illo
1074 409 1182 452 libro
1211 408 1306 452 sine
1336 408 1467 451 dubio
1495 407 1697 464 ponenda
1735 411 1872 460 erant,

243 474 289 518 in
316 474 577 520 tricesimum
610 480 809 532 quartum
836 477 1070 534 colligeret,
1113 490 1200 521 non
1240 475 1353 532 quod
1392 474 1677 519 demonstrari
1715 478 1872 529 posset,

243 543 388 586 omnia
417 557 472 587 ex
501 543 580 588 hoc
620 545 728 589 libro
767 546 995 602 desumpta
1033 559 1140 589 esse.
1195 558 1294 588 nam
1330 544 1423 588 fieri
1452 548 1605 599 potest,
1647 546 1694 585 ut
1740 541 1871 585 etiam

244 610 344 655 aliis
388 611 657 660 historiarum
702 614 824 659 libris
868 614 1078 658 nonnulla
1116 614 1359 697 fragmenta
1397 611 1626 656 tribuenda
1667 610 1754 653 sint
1796 614 1871 653 aut

243 679 371 734 plane
396 680 452 723 ab
480 680 665 725 historiis
694 682 974 739 seJungenda.

358 748 423 792 12.
477 750 604 793 Libro
630 754 774 794 autem
800 751 1015 795 tricesimo
1043 753 1193 805 quarto
1221 748 1576 804 chorographiam
1601 751 1643 791 et
1670 752 1869 803 topogra-

242 815 399 871 phiam,
429 830 536 871 quas
566 817 727 873 dicunt,
755 825 977 874 spectasse
1005 817 1187 872 videtur,
1204 820 1218 844 ¹
1258 816 1332 872 qui
1357 816 1415 859 sit
1443 815 1551 858 situs
1578 819 1786 859 terrarum
1809 814 1868 857 lo-

244 897 471 939 corumque
502 884 778 940 singulorum,
818 891 860 930 et
894 899 1006 941 qnae
1043 885 1272 928 intervalla
1308 897 1452 927 eorum
1480 883 1781 938 descripturus,
1806 895 1868 926 re·

242 952 423 996 motiora
454 953 639 997 maxime
684 954 781 997 loca
817 954 1040 1009 magisque
1086 953 1236 1008 ignota
1250 956 1350 995 ·aut
1388 964 1523 1009 nuper
1550 951 1721 994 demum
1748 954 1868 1007 pate-

242 1018 371 1063 facta.
387 1021 403 1047 ²
468 1020 621 1078 quibus
669 1020 878 1078 judicium
920 1034 1042 1065 suum
1086 1019 1306 1076 adjunxit,
1356 1019 1472 1075 quod
1515 1018 1666 1062 habuit
1708 1017 1762 1061 de
1803 1017 1867 1061 eis
1920 1060 1927 1066 ,

241 1087 529 1143 scriptoribus,
576 1089 648 1143 qui
679 1095 808 1132 antea
848 1090 903 1132 de
928 1089 1197 1144 geographia
1226 1088 1487 1143 scripserant
1515 1088 1568 1129 ab
1595 1087 1781 1129 Homero
1809 1085 1867 1128 ad

241 1154 577 1211 Eratosthenem,
619 1156 693 1211 qui
720 1156 940 1213 proximus
968 1170 996 1199 a
1020 1155 1198 1212 Polybio
1225 1154 1532 1212 geographiam
1561 1156 1833 1198 tractaverat.
1849 1154 1866 1180 ⁸

196 1250 204 1254 -
240 1234 341 1265 nam
390 1222 598 1266 Homerus
648 1236 703 1267 ex
759 1224 1019 1268 Graecorum
1070 1223 1271 1280 opinione
1318 1223 1479 1278 primus
1532 1221 1719 1265 omnium
1768 1233 1865 1276 geo-

239 1289 497 1344 graphorum
525 1297 631 1344 erat,
670 1296 717 1332 ut
753 1292 882 1333 etiam
910 1291 1215 1344 Eratosthenes
1237 1291 1291 1333 de
1320 1290 1414 1344 ejus
1441 1289 1702 1331 carminibus
1734 1288 1865 1343 scrip-

240 1356 379 1401 sisset.
430 1357 550 1412 cujus
579 1357 818 1402 homericae
841 1358 1135 1414 geographiae
1164 1356 1485 1401 amantissimus
1517 1356 1669 1400 Strabo
1700 1369 1755 1400 ex
1786 1356 1866 1400 hac

238 1424 336 1480 ipsa
373 1424 471 1467 libri
511 1425 740 1482 Polybiani
785 1431 908 1482 parte
948 1426 1139 1483 plurima,
1170 1424 1295 1469 nobis
1335 1424 1536 1479 servavit,
1550 1426 1567 1451 ⁴
1607 1428 1649 1467 et
1686 1423 1864 1466 nimium

237 1506 361 1536 suum
397 1506 585 1536 amorem
624 1494 885 1550 nimiamque
921 1494 1250 1538 admirationem
1295 1497 1465 1536 secutus
1508 1492 1711 1547 graviora
1739 1491 1864 1535 nobis

237 1560 406 1604 tradere
434 1560 589 1616 omisit,
638 1575 731 1605 cum
768 1564 986 1619 Polybius,
1031 1562 1106 1618 qui
1141 1575 1306 1615 summo
1348 1560 1582 1604 habebatur
1621 1560 1714 1603 loco
1752 1559 1865 1602 inter

237 1628 507 1683 antiquitatis
545 1631 829 1686 geographos,
848 1634 864 1659 5
906 1631 1135 1687 Strabonis*
1155 1628 1406 1684 sententiae,
1435 1642 1563 1683 quam
1593 1627 1648 1671 de
1678 1628 1862 1671 Homero

238 1695 303 1739 hie
332 1696 480 1740 habuit
508 1701 551 1740 et
581 1698 635 1741 de
662 1698 756 1753 ejus
785 1699 1063 1754 geographia,
1094 1698 1329 1741 maximam
1347 1697 1526 1741 adderet
1551 1695 1863 1750 auctoritatem,

236 1763 511 1809 Eratostheni
534 1771 677 1810 autem
708 1767 932 1823 oppositus
954 1771 1081 1811 esset.
1129 1766 1196 1810 hic
1224 1766 1338 1810 enim
1366 1765 1431 1809 vir
1460 1764 1647 1807 omnium
1670 1763 1738 1807 sui
1759 1767 1861 1807 tem-

207 1856 213 1860 *
236 1833 354 1888 poris
375 1832 651 1879 doctissimus
667 1835 720 1879 de
741 1835 822 1879 hac
845 1834 1031 1879 omnium
1055 1836 1144 1880 fere
1161 1836 1417 1880 Graecorum
1436 1833 1637 1889 opinione
1655 1832 1864 1877 decedere

235 1913 367 1945 ausus
399 1906 519 1957 erat,·
550 1903 623 1958 qui
663 1917 759 1947 cum
804 1904 939 1947 multa
971 1904 1072 1959 alia,
1117 1908 1207 1947 tum
1249 1902 1559 1959 geographiam
1607 1914 1660 1945 ex
1689 1900 1864 1945 Homeri

235 1968 494 2013 carminibus
522 1971 685 2015 discere
715 1985 762 2015 se
783 1986 908 2029 posse
934 1974 1157 2027 putabant.
1203 1972 1507 2015 Erastothenes
1534 1975 1678 2013 autem
1711 1970 1863 2013 Home·

235 2050 325 2080 rum
354 2037 465 2080 sicut
492 2052 637 2081 omnes
662 2045 812 2094 poetas
840 2053 925 2082 non
956 2040 1180 2096 scripsisse
1209 2041 1465 2094 affirmabat,
1496 2044 1543 2082 ut
1572 2039 1754 2092 doceret,
1784 2038 1861 2081 sed

234 2108 280 2148 ut
305 2105 549 2149 delectaret.
565 2109 580 2131 ⁰
610 2112 767 2160 quanto
803 2108 898 2151 huic
932 2108 1023 2151 viro
1047 2108 1251 2164 Polybius
1280 2109 1600 2164 postponendus
1632 2108 1698 2157 sit,
1735 2121 1860 2150 nemo

233 2177 311 2228 est,
334 2174 438 2227 quin
466 2174 623 2217 videat.
655 2189 756 2218 nam
776 2176 955 2218 multum
976 2177 1044 2218 hic
1074 2189 1231 2232 operae
1253 2177 1299 2219 in
1327 2177 1439 2219 veris
1461 2176 1567 2220 locis
1596 2177 1858 2232 reperiendis

234 2244 433 2297 ponebat,
477 2256 554 2299 per
596 2258 708 2299 quae
738 2246 887 2290 Ulixes
917 2246 1157 2300 erravisset,
1200 2258 1338 2300 neque
1368 2246 1447 2289 hoc
1477 2246 1620 2289 studio
1647 2247 1857 2303 impulsus

230 2311 328 2365 ipsa
369 2317 523 2367 poetae
567 2315 697 2356 verba
742 2326 909 2357 mutare
937 2314 1173 2363 dubitabat,
1187 2316 1200 2340 ⁷
1249 2327 1332 2368 quo
1374 2315 1489 2357 facto
1517 2328 1562 2356 re
1607 2328 1712 2358 vera
1740 2316 1859 2358 locus

231 2379 543 2435 inveniebatur,
573 2395 698 2436 quem
729 2384 972 2438 quaerebat.
1021 2383 1136 2438 quod
1164 2397 1262 2427 cum
1292 2383 1448 2438 ubique
1477 2383 1567 2427 ficri
1592 2397 1679 2427 non
1700 2390 1859 2440 posset,

230 2453 402 2504 poetam
442 2450 625 2504 putabat
674 2464 775 2494 vera
828 2465 924 2494 cum
968 2451 1093 2495 falsis
1129 2451 1266 2494 mixta
1312 2451 1493 2506 tradere,
1538 2465 1674 2506 neque
1721 2452 1858 2497 Ulixis

229 2513 527 2570 ἐξωκεανισμὸν
556 2530 677 2571 quem
701 2518 848 2562 dicunt
868 2518 1064 2574 accipere
1085 2532 1216 2562 ausus
1238 2524 1314 2573 est,
1341 2518 1537 2572 quamvis
1555 2525 1707 2574 poetae
1727 2521 1858 2563 verba

232 2596 330 2626 eum
360 2588 555 2640 poscant.
570 2587 587 2612 ⁸

346 2652 412 2694 De
441 2652 540 2697 aliis
569 2653 827 2709 geographis
858 2667 942 2697 non
973 2654 1109 2697 solum
1138 2654 1184 2696 in
1214 2653 1322 2696 libro
1352 2653 1566 2697 tricesimo
1590 2659 1755 2710 quarto,
1779 2655 1859 2699 sed

229 2718 360 2762 etiam
389 2719 434 2763 in
463 2720 562 2765 aliis
593 2721 862 2766 historiarum
900 2720 1032 2777 libris,
1083 2721 1128 2764 in
1171 2720 1353 2777 singulis
1394 2721 1686 2767 describendis
1717 2730 1856 2768 terrae

228 2788 422 2844 partibus
453 2789 614 2835 dixisse
636 2790 817 2847 videtur,
847 2789 1064 2835 inscitiam
1102 2803 1248 2834 eorum
1277 2796 1320 2833 et
1362 2804 1525 2836 errores
1565 2793 1772 2848 obtegens
1814 2799 1857 2837 et

319 2959 330 2981 ¹
354 2962 461 2995 strab.
490 2964 522 3006 2,
545 2974 576 3005 p.
608 2965 683 2999 104.
732 2965 764 3007 8,
787 2974 821 3006 p.
846 2966 922 2999 332.
978 2966 1031 3007 10,
1054 2975 1088 3007 p.
1113 2965 1190 2998 465.
1251 2962 1266 2983 ²
1289 2966 1321 3008 3,
1346 2966 1491 3000 57—59.
1550 2963 1564 2985 ³
1587 2966 1694 2999 strab.
1720 2976 1752 3008 p.
1781 2968 1855 3000 104.

227 3016 242 3039 ⁴
266 3020 377 3052 Strab.
404 3022 434 3062 1,
453 3021 483 3053 2.
510 3030 543 3062 p.
571 3021 622 3055 15.
674 3018 686 3039 ⁵
710 3021 816 3056 strab.
838 3024 868 3064 1,
897 3024 925 3053 1.
951 3024 1029 3063 p.2.
1080 3020 1095 3041 ⁸
1117 3022 1224 3056 Strsb.
1241 3024 1271 3063 1,
1294 3030 1328 3062 p.
1344 3024 1396 3054 15.
1447 3021 1460 3042 ⁷
1485 3023 1594 3058 strab.
1617 3033 1650 3065 P.
1667 3025 1722 3057 25.
1772 3022 1788 3042 ⁸
1807 3024 1855 3056 ib.
