2168 3278
1038 149 1091 194 15

250 276 578 333 inhospitalibus
612 280 656 320 et
691 275 884 320 barbaris
923 275 1169 319 nationibus
1198 274 1449 317 incolantur.
1505 278 1705 331 separato
1734 277 1880 318 autem

248 343 343 389 loco
368 343 485 389 sede
513 343 592 388 hoc
613 344 723 388 mari
741 343 952 389 dicturum
980 356 1080 388 esse
1110 342 1329 398 profitetur
1355 346 1398 385 et
1424 342 1478 385 de
1503 342 1579 396 eie,
1616 355 1726 396 quae
1757 343 1802 385 in
1827 356 1879 384 eo

249 412 425 470 propria
453 412 553 467 sint,
569 414 585 440 ¹
628 411 740 457 sicut
784 411 838 456 de
867 412 989 461 ostio,
1028 424 1112 466 quo
1140 423 1236 454 cum
1259 410 1428 454 interno
1452 410 1562 453 mari
1592 410 1877 466 conjungitur,

249 480 446 536 qnodque
486 484 551 524 est
588 480 645 524 ad
683 481 904 525 columnas
938 479 1174 536 Herculeas
1213 476 1276 531 (τὸ
1302 477 1403 522 καθ’
1431 476 1693 535 Ἡρακλείους
1726 475 1880 534 στήλας

249 548 393 603 πόμα,
409 550 426 576 ²
455 544 480 592 o‘
505 549 603 591 καθ’
634 545 904 604 “Ηρακλείους
930 548 1084 606 στήλας
1111 547 1245 603 πόρος
1270 548 1362 591 sive
1392 547 1590 604 πορθμός
1603 550 1651 600 ³),
1684 547 1755 589 ubi
1770 546 1877 589 fines

249 616 382 661 etiam
411 621 510 660 sunt
537 616 711 660 Africae
740 621 783 661 et
805 618 1014 673 Europae.
1044 616 1196 671 quibus
1213 616 1267 659 de
1292 616 1500 659 columnis
1515 619 1533 644 ⁴
1555 615 1671 671 apud
1689 615 1878 659 Graecos

249 685 409 728 multae
451 685 625 729 fabulae
670 685 952 742 pervulgatae
991 688 1127 737 erant,
1168 683 1552 738 diversissimisque
1580 697 1656 727 eas
1686 683 1731 726 in
1772 681 1878 725 locis

248 757 491 809 posuerunt,
521 766 604 807 quo
622 754 783 797 factum
809 757 886 806 est,
916 757 963 795 ut
982 753 1114 796 etiam
1136 752 1366 796 intervalla
1396 752 1511 808 apud
1539 751 1731 806 singulos
1755 750 1878 793 varia

251 821 535 865 inveniantur.
549 823 567 850 ⁶
603 819 806 876 Polybius
821 823 838 848 ⁶
855 820 1007 863 fretum
1035 819 1267 874 sexaginta
1294 819 1440 863 stadia
1455 819 1588 861 latum
1616 832 1711 862 esse
1733 818 1878 868 tradit,

249 901 346 934 cum
373 886 678 934 Dicaearchum
724 891 769 931 et
806 886 1130 932 Eratosthenem
1171 891 1343 937 secutus
1385 887 1606 932 columnas
1643 885 1700 930 ad
1738 885 1876 944 ipsum

248 971 344 1001 esse
371 959 525 1001 fretum
555 957 663 1000 sitas
691 961 872 1013 putaret,
907 956 982 999 alii
1001 959 1017 983 ⁷
1049 962 1190 1000 autem
1227 961 1271 1000 et
1309 960 1410 999 ante
1450 969 1545 999 eum
1581 961 1623 999 et
1653 959 1752 1012 post
1780 967 1875 997 eum

248 1026 294 1071 in
323 1026 466 1071 insula
492 1039 567 1070 eas
593 1025 874 1080 collocabant,
911 1026 987 1072 ubi,
1011 1025 1157 1070 Gades
1195 1030 1330 1080 erant,
1369 1029 1445 1069 aut
1481 1025 1611 1069 etiam
1641 1023 1781 1078 majus
1809 1037 1876 1071 ac-

249 1093 466 1150 cipiebant
495 1093 779 1148 intervallum,
820 1106 932 1136 nunc
969 1092 1134 1136 insulas
1163 1105 1239 1137 eas
1267 1106 1362 1137 esse
1394 1093 1733 1151 interpretantes,
1765 1103 1877 1135 nunc

249 1167 415 1206 montes
440 1162 489 1204 -in
512 1175 587 1204 ora
616 1162 735 1204 sitos.

362 1229 427 1272 11.
480 1228 644 1272 luterni
673 1232 815 1272 autem
844 1228 974 1272 maris
1003 1224 1048 1285 (ἦ
1072 1226 1172 1271 καθ’
1202 1225 1321 1286 ἡμᾶς,
1349 1227 1375 1284 ἡ
1405 1227 1486 1270 ἔσω
1500 1231 1518 1256 ⁸
1543 1227 1756 1283 θάλαττα)
1786 1242 1874 1270 ma-

247 1295 515 1352 gnitudinem
558 1309 774 1351 nunquam
802 1296 953 1339 Graeci
993 1296 1100 1340 satis
1144 1296 1356 1340 habebant
1385 1296 1616 1351 cognitam,
1659 1300 1706 1339 ut
1744 1295 1874 1339 etiam

247 1364 439 1409 Marinus
470 1369 513 1407 et
549 1364 816 1407 Ptolemaeus
844 1364 1021 1407 nimiam
1058 1377 1154 1407 eam
1184 1365 1439 1418 acciperent.
1498 1364 1803 1407 Eratosthenes
1833 1368 1876 1405 et

247 1430 528 1489 Hipparchus,
569 1431 643 1487 qui
670 1435 767 1488 post
795 1431 1014 1487 Polybium
1047 1433 1200 1489 floruit,
1232 1432 1386 1488 viginti
1412 1437 1573 1488 septem
1605 1431 1766 1475 milium
1794 1437 1874 1475 tre-

245 1503 465 1543 centorum
496 1500 733 1543 stadiorum
767 1512 862 1543 esse
901 1500 1214 1556 longitudinem
1245 1501 1478 1557 putabant3
1511 1513 1564 1544 ex
1594 1500 1873 1557 plurimorum

245 1572 390 1611 autem
421 1568 649 1622 sententia,
682 1581 811 1622 quam
841 1568 997 1612 Strabo
1016 1571 1033 1597 ⁹
1057 1570 1195 1624 affert,
1223 1569 1378 1624 viginti
1400 1569 1587 1623 quinque
1601 1569 1724 1612 milia
1747 1569 1869 1624 quin-

246 1639 380 1691 genta
411 1635 647 1679 stadiorum
678 1639 812 1679 erant.
868 1649 1044 1690 quorum
1075 1637 1291 1681 variorum
1321 1650 1593 1680 numerorum
1630 1637 1875 1691 nimiaeque

245 1702 531 1759 longitudinis
556 1702 692 1747 causa
718 1702 811 1757 fuit,
837 1703 951 1758 quod
981 1718 1101 1749 oram
1131 1705 1337 1750 ibericam
1368 1709 1411 1749 et
1441 1718 1537 1748 cum
1567 1718 1621 1748 ea
1651 1705 1874 1749 columnas

242 1772 435 1827 plerique
463 1785 564 1815 vero
588 1772 731 1827 magis
752 1771 1017 1815 occidentem
1037 1787 1187 1817 versus
1214 1774 1504 1816 extendebant
1530 1778 1572 1815 et
1601 1774 1731 1816 etiam
1753 1773 1873 1816 sinus

243 1839 368 1884 Issici
398 1839 525 1883 finem
558 1841 699 1895 magis
733 1839 937 1883 orientem
976 1855 1129 1885 versus
1157 1855 1255 1886 esse
1291 1842 1516 1896 putabant.
1561 1854 1673 1896 quae
1702 1841 1873 1898 Polybii

245 1908 459 1953 sententia
505 1907 647 1965 fuerit,
685 1921 772 1951 non
817 1908 927 1953 satis
966 1908 1153 1966 constat,
1199 1924 1300 1955 nam
1340 1923 1453 1966 quae
1482 1910 1646 1954 Plinius
1675 1914 1719 1953 et
1761 1923 1874 1965 quae

244 1977 399 2020 Strabo
431 1977 485 2019 de
509 1976 677 2031 Polybii
705 1976 837 2019 maris
865 1977 1019 2021 interni
1058 1992 1261 2023 mensura
1291 1978 1415 2023 nobis
1444 1978 1631 2032 tradunt,
1655 1977 1873 2022 contraria

245 2048 345 2088 sunt
375 2048 418 2087 et
444 2057 589 2088 secum
620 2045 874 2099 pugnantia.

357 2109 422 2153 12.
473 2110 636 2154 Lineae
668 2111 782 2154 enim
807 2112 1149 2167 aequinoctialis,
1179 2125 1291 2168 quae
1320 2117 1386 2157 est
1409 2127 1486 2170 per
1513 2113 1735 2158 columnas
1762 2113 1873 2158 Rho—

246 2178 432 2232 dumque
449 2178 591 2232 ducta‚
616 2179 790 2233 singula
812 2180 908 2223 loca
925 2180 1031 2223 haec
1056 2180 1215 2223 habent
1229 2182 1345 2236 apud
1367 2182 1550 2225 Plinium
1569 2186 1606 2210 ¹⁰
1625 2183 1871 2226 intervalla:

248 2259 276 2289 a
308 2245 527 2290 Gaditano
553 2247 663 2290 freto
693 2246 751 2290 ad
779 2247 973 2292 Siciliam
1005 2247 1215 2303 1‚260500
1243 2262 1283 2304 p.
1312 2268 1369 2284 =
1400 2249 1552 2303 10‚084
1563 2250 1605 2304 ²¹²)
1634 2250 1870 2294 stadiorum

355 2315 414 2358 ad
441 2315 611 2359 Cretam
692 2347 976 2360 .....
1035 2315 1205 2359 375000
1279 2349 1290 2361 .
1349 2349 1359 2360 .
1432 2316 1556 2361 3000.

355 2381 414 2426 ad
439 2382 635 2427 Rhodum
692 2416 980 2427 .....
1041 2384 1211 2428 183500
1280 2419 1288 2427 .
1350 2419 1357 2428 .
1432 2385 1554 2429 1468.

356 2450 416 2494 ad
442 2451 609 2495 insulas
637 2451 910 2496 Chelidonias
969 2485 979 2495 .
1039 2451 1208 2496 183500
1276 2484 1285 2494 .
1346 2488 1356 2496 .
1433 2452 1555 2496 1468.

355 2518 413 2562 ad
443 2519 630 2576 Cyprum
689 2551 977 2563 .....
1038 2519 1207 2563 322000
1275 2556 1285 2566 .
1346 2553 1354 2562 .
1429 2521 1552 2564 2576.

245 2583 399 2641 Syriae
426 2585 665 2631 Seleuciam
691 2587 907 2631 Pieriam.
968 2624 975 2631 .
1038 2588 1207 2634 115800
1276 2621 1286 2630 .
1346 2620 1356 2630 .
1460 2588 1554 2632 927.

914 2706 919 2707 ff
992 2666 1207 2722 2‚4403oo
1234 2681 1275 2723 p.
1397 2667 1546 2722 19,523
1576 2673 1628 2712 st.

330 2811 366 2854 δὶς)
399 2815 435 2846 in
467 2816 701 2857 comparandis
732 2816 865 2848 milibus
899 2816 1065 2848 Plinianis
1102 2826 1178 2848 cum
1215 2817 1333 2848 stadiis
1364 2818 1499 2863 Polybii
1540 2824 1660 2852 octona
1692 2820 1800 2853 stadia
1832 2822 1865 2851 in

245 2870 379 2910 singula
415 2871 508 2902 milia
528 2877 621 2904 ,sunt
652 2873 892 2914 computanda,
926 2874 1078 2913 quamvis
1103 2874 1285 2916 Polybium
1311 2874 1422 2915 ipsum
1457 2878 1589 2908 tertiam
1613 2876 1715 2908 stadii
1739 2880 1867 2917 partem

334 3025 345 3047 ¹
369 3028 402 3070 3,
425 3028 480 3059 57.
507 3029 539 3061 2.
597 3026 612 3046 ²
635 3029 667 3071 2,
702 3031 733 3062 1.
765 3031 799 3063 6.
824 3037 887 3065 cet.
945 3028 959 3050 ³
979 3033 1011 3073 3,
1036 3033 1091 3066 57.
1117 3033 1148 3063 2.
1205 3030 1222 3050 ⁴
1241 3033 1274 3075 3,
1298 3032 1353 3067 39.
1377 3034 1408 3064 4.
1470 3030 1484 3052 ⁵
1506 3033 1627 3065 Mullcr
1650 3034 1692 3066 ad
1717 3034 1805 3074 Scyl.
1835 3037 1864 3066 l.

241 3083 256 3104 ⁶
285 3087 334 3128 16,
360 3087 412 3117 29.
441 3088 469 3116 9.
498 3083 511 3104 ⁷
535 3086 639 3117 Strab.
671 3087 745 3119 171.
774 3088 847 3119 172.
898 3086 913 3106 ⁸
937 3090 969 3130 3,
995 3090 1045 3120 37.
1076 3091 1109 3122 9.
1132 3092 1195 3123 eet.
1244 3088 1260 3108 ⁹
1284 3089 1392 3122 Strab.
1419 3099 1451 3131 p.
1482 3092 1557 3122 106.
1602 3088 1729 3124 ¹⁰Plin.
1744 3092 1776 3132 6,
1789 3091 1865 3123 206.
