2168 3278
1041 77 1097 123 17

253 204 439 260 priorum
484 203 736 259 scriptorum
780 203 1071 259 geographiae
1125 207 1270 259 partes
1315 206 1624 255 correcturum,
1669 214 1777 256 quas
1824 214 1879 244 ex

226 265 229 269 ’
253 271 424 319 meliore
453 284 534 315 sua
558 271 744 315 scientia
771 271 985 326 corrigere
1013 285 1059 315 se
1082 284 1211 327 posse
1226 270 1454 327 putaverit,
1483 269 1737 313 Dicaearchi
1764 282 1878 312 men-

253 352 400 383 suram
426 344 589 393 septem
615 335 734 382 milia
750 339 930 382 dicentIs
954 353 981 383 a
1002 339 1150 382 Sicilia
1179 339 1489 391 ad-columnas,
1512 337 1713 392 rejecisse
1735 337 1880 392 opine-

253 420 358 460 mur,
389 406 467 451 sed
493 406 538 450 in
568 407 738 452 Africae
764 421 841 451 ora
862 407 1077 451 metienda
1093 406 1419 451 Eratosthenem
1441 420 1539 450 eum
1562 409 1756 449 secutum
1771 417 1880 459 esse,

252 474 375 530 cujus
418 487 659 518 mensuram
705 476 830 529 quasi
868 475 1032 530 justam
1078 474 1306 530 receperit,
1346 474 1391 516 in
1432 471 1695 517 collocandis
1734 475 1879 514 autem

253 542 461 599 Lilybaeo
491 547 533 586 et
562 543 834 597 Carthaginis
874 542 1173 598 promontoriis
1211 541 1502 586 Eratosthenis
1545 540 1737 583 tabulam
1778 551 1879 593 geo-

254 609 504 665 graphicam
549 617 649 655 ante
690 613 833 655 0011103
873 612 914 655 01
953 625 1048 655 0330
1091 611 1376 654 obversatum.
1436 613 1618 664 apparet
1657 607 1785 651 simul
1823 620 1877 650 ex

253 677 332 734 his,
358 677 535 735 Polybio
575 694 659 724 non
697 680 740 723 in
770 679 915 724 animo
944 679 1089 733 fuisse,
1134 690 1248 721 nova
1276 677 1429 721 tabula
1454 675 1744 733 geographica
1773 675 1877 719 Era-

253 746 533 791 tosthenicam
577 748 801 802 corrigere,
848 748 962 802 quod
1000 747 1246 790 faciendum
1290 750 1383 788 erat
1423 745 1463 788 ei
1501 745 1547 787 in
1576 748 1666 787 tam
1697 742 1877 786 diversis

252 815 451 869 numeris,
490 816 528 859 si
566 816 711 859 omnia
737 815 841 860 haec
872 829 1015 859 secum
1047 814 1291 870 pugnantia
1319 813 1364 856 in
1394 827 1525 857 unum
1552 812 1707 855 librum
1733 814 1878 856 essent

253 882 307 926 ab
347 896 397 927 00
435 886 651 938 congesta,
702 897 785 939 quo
824 884 897 928 via
942 888 984 928 et
1023 883 1199 928 ratione‘
1228 886 1364 927 totam
1411 879 1719 938 geographiam
1767 882 1877 923 trac-

253 955 399 994 tasset.

366 1019 431 1061 14.
490 1020 545 1061 At
572 1032 668 1062 cum
705 1021 867 1076 optima
897 1020 950 1063 de
983 1034 1117 1063 causa
1156 1019 1337 1073 primum
1363 1017 1491 1061 Plinii
1520 1029 1740 1060 numerum
1772 1013 1878 1070 reje-

253 1086 448 1140 cerimus,
490 1099 574 1129 non
617 1090 694 1140 est,
739 1100 814 1130 cur
859 1087 1010 1141 reliqui
1055 1101 1141 1130 non
1182 1087 1268 1131 sint
1308 1086 1430 1129 nobis
1461 1082 1716 1140 accipiendi.
1774 1094 1876 1125 nam

253 1154 447 1208 quamvis
487 1154 532 1196 in
568 1153 749 1207 singulis
780 1155 1076 1209 computandis
1112 1155 1166 1197 ab
1204 1155 1303 1197 aliis
1342 1153 1470 1197 valde
1510 1151 1695 1205 recedat,
1731 1155 1877 1193 tamen

250 1222 475 1266 universus
501 1235 702 1265 numerus
731 1222 953 1266 Strabonis
984 1236 1157 1267 numero
1197 1222 1367 1278 adjecto
1407 1235 1502 1265 eam
1542 1219 1673 1263 maris
1719 1215 1876 1260 interni

251 1290 422 1335 exhibet
440 1290 764 1345 longitudinem,
794 1304 924 1344 quam
951 1291 1176 1346 Polybium
1209 1290 1411 1335 habuisse
1454 1301 1613 1343 negare
1647 1290 1723 1330 aut
1749 1298 1875 1340 argu-

250 1358 405 1402 mentis
427 1357 618 1401 refellere
646 1371 731 1401 non
757 1372 995 1412 possumus.

365 1425 655 1469 Dicaearchus
673 1429 686 1452 ¹
716 1440 743 1468 a
772 1426 920 1469 Sicilia
947 1426 1004 1468 ad
1034 1427 1371 1482 Peloponnesum
1399 1426 1484 1469 tria
1514 1437 1608 1468 esse
1638 1421 1759 1465 milia
1790 1423 1875 1463 sta-

252 1494 417 1537 diorum
453 1493 646 1554 putabat,
691 1493 892 1549 Polybius
908 1497 924 1521 2
961 1499 1104 1537 autem
1146 1494 1260 1537 4000
1298 1497 1340 1537 01
1379 1493 1572 1537 exactius
1615 1488 1732 1545 apud
1759 1488 1876 1532 Stra-

251 1562 434 1605 bonem³
473 1574 500 1604 a
538 1560 687 1604 Sicilia
724 1560 782 1604 ad
811 1562 976 1605 Maleas
1008 1560 1119 1605 373ss
1160 1564 1279 1615 (nam
1308 1574 1335 1604 a
1365 1560 1519 1604 Maleis
1561 1558 1618 1602 ad
1656 1557 1876 1601 columnas

251 1629 393 1673 22500
432 1634 659 1684 computat,
689 1644 724 1672 3
758 1629 907 1673 Sicilia
946 1630 1004 1672 ad
1038 1630 1212 1673 easdem
1255 1629 1427 1683 18764).
1496 1627 1613 1683 apud
1634 1624 1816 1670 Plinium
1848 1636 1876 1665 a

251 1696 399 1741 Sicilia
429 1696 486 1740 ad
516 1697 687 1741 Cretam
716 1697 829 1740 3000
863 1698 1100 1741 stadiorum
1128 1698 1324 1753 legimus,
1364 1696 1567 1753 Polybius
1599 1694 1731 1749 igitur
1765 1691 1876 1734 113110

250 1765 434 1808 insulam
463 1765 603 1820 magis
633 1765 897 1808 occidentem
933 1779 1080 1809 versus
1123 1766 1315 1819 collocat,
1360 1779 1455 1808 cum
1495 1763 1669 1820 plurimi
1705 1775 1733 1804 a
1766 1760 1875 1802 freto

251 1832 386 1876 siculo
416 1832 473 1876 ad
502 1833 672 1876 Cretam
706 1832 818 1876 5500
846 1832 1082 1876 stadiorum
1115 1846 1210 1877 esse
1243 1833 1423 1876 (11031114
1463 1837 1505 1875 et
1533 1843 1571 1874 3·
1588 1829 1789 1885 Pachyno
1817 1825 1874 1869 ad

252 1900 434 1943 eandem
461 1900 586 1955 4500,
629 1902 798 1955 qualem
834 1914 1053 1944 numerum
1089 1900 1220 1944 etiam
1250 1901 1309 1944 ad
1339 1902 1585 1944 Taenarum
1617 1898 1788 1941 habent.
1849 1908 1876 1936 a

250 1968 377 2010 Creta
409 1968 466 2010 ad
495 1967 690 2011 Rhodum
719 1968 837 2023 apud
865 1968 1047 2011 Plinium
1080 1967 1190 2012 1468
1216 1968 1361 2012 stadia
1384 1973 1485 2012 sunt
1507 1969 1690 2011 fortasse
1707 1963 1876 2007 insulae

249 2035 517 2089 longitudine
544 2036 716 2090 omissa,
756 2050 852 2078 cum
881 2036 1036 2079 Strabo
1072 2035 1186 2078 3000
1224 2037 1353 2091 (11031,
1388 2037 1490 2079 111ᾶο
1519 2034 1780 2094 Seleuciam.
1803 2031 1875 2073 ille

249 2102 374 2157 4970,
405 2102 559 2146 Strabo
603 2103 661 2146 ad
700 2103 897 2146 intimum
936 2103 1055 2146 sinus
1084 2104 1208 2147 Issici
1246 2117 1462 2148 recessum
1498 2103 1611 2147 5000
1639 2099 1875 2145 stadiorum

250 2184 344 2213 esse
366 2171 510 2213 tradit.
527 2175 663 2214 totum
685 2171 921 2214 stadiorum
937 2184 1157 2213 numerum
1176 2172 1212 2213 si
1239 2176 1483 2226 spectamus
1506 2171 1631 2224 hujus
1656 2166 1876 2211 orientalis

249 2238 405 2282 interni
433 2238 564 2282 maris
593 2238 742 2294 partis,
779 2251 889 2292 quae
919 2242 985 2281 est
1013 2252 1040 2281 a
1069 2238 1177 2282 freto
1205 2239 1340 2283 siculo
1381 2239 1439 2282 ad
1468 2236 1722 2290 Seleuciam,
1759 2232 1874 2277 4000

249 2306 485 2349 stadiorum
522 2306 729 2349 minorem
768 2318 864 2348 eum
901 2306 1149 2361 reperimus,
1190 2319 1320 2361 quam
1347 2307 1385 2349 is
1412 2317 1613 2349 numerus
1642 2308 1721 2360 est,
1750 2314 1874 2357 quem

249 2375 401 2419 Strabo
429 2375 564 2430 affert,
596 2388 706 2430 quae
732 2388 798 2418 res
821 2374 899 2417 tali
925 2374 1051 2417 modo
1072 2375 1394 2431 interpretanda
1417 2379 1492 2429 est,
1514 2378 1559 2417 ut
1583 2373 1714 2416 totius
1744 2369 1875 2413 maris

249 2443 560 2498 longitudinem
598 2444 727 2498 vulgo
769 2447 993 2499 acceptam
1031 2443 1208 2487 nimiam
1244 2445 1387 2488 facere
1423 2442 1647 2499 Polybium
1686 2439 1873 2484 noluisse

249 2516 456 2568 putemus.
487 2526 586 2555 nam
615 2511 653 2555 si
676 2511 742 2555 his
768 2511 955 2554 numeris
970 2512 1177 2555 Plinianis
1205 2512 1426 2555 Strabonis
1450 2508 1874 2554 adnumeraverimus

249 2593 346 2623 eum
377 2593 610 2634 numerum,
640 2592 764 2633 quem
793 2592 820 2621 a
857 2579 1066 2623 columnis
1098 2579 1156 2622 ad
1195 2581 1349 2623 fretum
1387 2579 1567 2622 siculum
1603 2589 1700 2620 esse
1728 2574 1872 2627 tradit,

248 2647 380 2689 maris
408 2647 565 2690 interni
603 2646 912 2702 longitudinem
940 2646 1080 2689 ‘28203
1112 2647 1349 2690 stadiorum
1381 2645 1659 2699 inveniemus,
1701 2643 1873 2697 qualem

248 2715 431 2757 fortasse
471 2715 669 2769 Polybius
712 2714 871 2757 habuit.
939 2714 1056 2756 mille
1096 2719 1262 2757 tantum
1303 2714 1453 2757 stadiis
1490 2711 1786 2756 Eratosthenis
1831 2715 1873 2754 et

250 2780 485 2837 Hipparchi
523 2795 722 2825 numeros
752 2781 931 2835 excedit,
970 2781 1048 2824 sed
1072 2782 1204 2824 multo
1229 2781 1420 2837 pluribus
1446 2780 1741 2838 posteriorum,
1761 2791 1873 2833 quae

248 2847 382 2890 nimia
424 2849 690 2902 magnitudO,
733 2855 779 2892 ut
818 2850 912 2905 Jam
954 2863 1084 2904 supra
1126 2849 1334 2904 diximus,
1374 2849 1509 2892 nimia
1546 2848 1733 2892 ibericae
1771 2859 1874 2890 orae

344 3004 356 3026 ¹
380 3006 487 3040 Strab.
511 3016 545 3048 p.
572 3008 647 3041 105.
695 3006 712 3026 ²
738 3010 793 3052 12,
818 3010 880 3044 ιὰ.
903 3010 934 3044 6.
983 3007 998 3028 ³
1022 3009 1131 3043 Strab.
1155 3020 1189 3052 p.
1215 3011 1270 3043 25.
1318 3007 1334 3028 ⁴
1357 3010 1402 3043 id.
1427 3019 1459 3051 p.
1488 3011 1561 3043 106.

1602 3064 1625 3102 2
