2168 3278
1082 114 1140 159 43

299 241 431 298 Alpes
458 253 564 295 esse,
594 239 887 294 meridionale,
915 239 1002 287 tria
1038 239 1162 284 milia
1185 243 1391 289 sexcenta
1416 239 1607 295 longum,
1641 237 1927 296 Apenninum,

272 301 278 306 ⁶
297 314 344 353 et
372 309 511 353 basim
534 309 665 352 totius
690 308 912 363 trianguli,
940 308 1025 352 duo
1043 308 1165 351 milia
1184 309 1420 363 quingenta
1440 309 1629 362 longam,
1654 322 1773 355 oram
1794 308 1928 356 maris

298 376 540 421 Hadriatici
574 390 667 425 esse
696 376 813 431 dicit,
842 389 870 419 a
899 375 1015 421 Sena
1043 375 1103 420 ad
1128 376 1323 421 intimum
1348 375 1465 420 illius
1481 389 1710 430 recessum,
1737 380 1784 420 ut
1812 380 1928 420 totus

299 457 544 503 camporum
576 446 778 490 circuitus
805 443 1042 488 stadiorum
1071 443 1218 489 decem
1248 444 1412 489 milium
1442 444 1666 492 efficiatur.

411 516 475 557 De
503 515 568 558 his
592 515 756 569 campis
772 513 995 556 Timaeum
1011 512 1116 556 dicit
1141 526 1272 567 saepe
1301 526 1481 567 errasse,
1512 513 1641 557 etiam
1658 513 1769 557 alios
1791 512 1928 554 multa

298 580 493 625 fabulosa
523 581 577 625 de
613 580 675 625 eis
712 593 913 625 narrasse
949 585 992 624 et
1029 579 1226 637 inprimis
1256 579 1310 624 de
1338 581 1529 625 Eridano
1559 581 1703 637 fluvio,
1746 578 1821 636 qui
1848 593 1927 637 per

302 663 474 707 campos
510 651 628 705 fluat,
671 650 725 693 de
751 650 1027 704 Phaethonte,
1070 649 1124 692 de
1153 650 1407 705 populorum
1432 650 1619 695 lacrimis
1651 654 1695 693 et
1717 649 1773 693 de
1795 653 1926 704 gente

298 717 387 771 illa,
427 731 537 771 quae
568 718 626 761 ad
654 717 762 761 hunc
791 717 966 763 fluvium
1000 716 1200 761 habitans
1230 723 1274 761 et
1303 717 1609 761 Phaethontem
1637 719 1791 772 lugens
1820 715 1925 760 atris

297 785 486 829 vestibus
516 790 672 840 utatur,
701 790 874 842 propter
900 785 1011 829 hunc
1041 799 1164 828 usum
1192 786 1487 841 μελανείμονες
1511 800 1539 829 a
1567 785 1745 830 Graecis
1768 784 1924 831 vocati.

297 852 444 907 itaque
475 859 576 909 apto
605 854 699 897 loco
729 854 795 899 his
824 854 878 897 de
903 853 1151 908 regionibus
1184 854 1398 909 copiosius
1430 858 1522 897 erat
1548 852 1827 909 expositurus.

411 919 449 962 6.
509 922 570 963 Ac
612 922 766 965 fluvius
815 921 986 978 quidem
1016 921 1201 976 Padu8,'
1245 922 1317 977 qui
1354 921 1430 965 hos
1471 935 1646 977 campos
1684 920 1866 978 perfluit,
1896 933 1925 964 a

297 988 435 1043 poetis
461 990 675 1033 Eridanus
704 992 959 1045 nominatur,
989 991 1045 1033 ab
1073 991 1231 1034 accolis
1256 996 1400 1035 autem
1421 991 1662 1045 Bodencus,
1693 989 1809 1045 quod
1828 1002 1923 1032 ver-

298 1058 394 1099 bum
425 1058 687 1102 Metrodorus
703 1061 719 1086 ²
753 1072 806 1102 ex
836 1058 1041 1113 Ligurum
1078 1058 1229 1113 lingua
1258 1058 1530 1114 desumptum
1560 1072 1655 1102 esse
1690 1057 1808 1102 dicit.
1868 1070 1923 1104 ex

297 1125 359 1169 eis
389 1126 566 1181 Alpibus
596 1131 725 1175 ortus,
763 1140 873 1181 quae
912 1140 939 1169 a
972 1127 1193 1170 cacumine
1221 1140 1468 1183 camporum
1497 1126 1703 1182 trianguli
1745 1125 1921 1183 propius

297 1194 465 1248 absunt,
492 1193 711 1237 meridiem
744 1207 893 1237 versus
921 1194 974 1236 de
1003 1194 1219 1237 montibus
1247 1194 1293 1237 in
1333 1208 1507 1251 campos
1539 1195 1700 1250 defluit,
1724 1194 1784 1238 ad
1813 1207 1921 1250 quos

296 1274 389 1304 cum
422 1262 616 1316 pervenit
654 1262 856 1304 orientem
895 1275 1045 1305 versus
1077 1274 1150 1304 eos
1192 1262 1363 1317 perfluit
1405 1275 1541 1316 usque
1579 1263 1636 1305 ad
1667 1262 1921 1317 Trigobolos

297 1343 401 1384 quos
438 1329 598 1383 dicunt,
642 1330 713 1373 ubi
752 1330 797 1372 in
829 1330 938 1373 duas
966 1334 1111 1383 partes
1157 1329 1362 1374 dividitur
1391 1335 1434 1373 et
1471 1343 1494 1373 e
1525 1329 1690 1374 duobus
1725 1330 1849 1374 ostiis
1875 1329 1921 1373 in

296 1411 413 1440 mare
442 1397 740 1440 Hadriaticum
783 1411 829 1440 se
858 1397 1063 1452 immittit,
1107 1411 1287 1452 quorum
1333 1398 1517 1453 primum
1547 1398 1696 1441 Padoa
1732 1402 1922 1451 vocatur,

296 1466 475 1509 alterum
504 1465 654 1509 Olana.
714 1478 847 1508 naves
886 1469 1028 1508 autem
1062 1478 1085 1508 e
1116 1466 1222 1509 mari
1261 1466 1306 1509 in
1347 1466 1509 1510 Padum
1548 1480 1625 1522 per
1653 1465 1794 1510 Olana
1827 1479 1921 1523 per-

293 1534 480 1588 veniunt,
511 1547 592 1589 quo
624 1534 668 1577 in
691 1534 800 1577 ostio
832 1534 962 1577 etiam
988 1539 1135 1590 portus
1166 1539 1243 1586 est,
1274 1535 1346 1590 qui
1374 1548 1460 1577 non
1488 1534 1628 1578 minus
1657 1534 1918 1591 praesidium

293 1602 476 1646 navibus
503 1603 689 1656 praebet,
718 1615 845 1656 quam
872 1601 1097 1656 quisquam
1125 1602 1257 1646 totius
1288 1602 1490 1646 Hadriae.
1543 1602 1724 1646 adverso
1746 1602 1920 1645 flumine

292 1671 381 1714 fere
410 1671 494 1713 duo
523 1670 645 1713 milia
673 1670 910 1713 stadiorum
939 1670 1136 1724 navigari
1164 1675 1317 1726 potest,
1347 1684 1444 1713 cum
1472 1670 1629 1714 fluvius
1658 1670 1765 1713 nulli
1792 1671 1920 1715 cedat

294 1738 481 1781 omnium
503 1737 658 1780 Italiae
687 1738 814 1792 copia
843 1751 1065 1791 aquarum,
1089 1751 1201 1791 quae
1230 1738 1283 1781 dc
1311 1738 1491 1793 Alpibus
1521 1742 1563 1780 et
1590 1737 1830 1792 Apenninis
1860 1738 1920 1784 ad

293 1819 389 1848 eum
414 1805 616 1848 defluunt.
673 1818 754 1859 quo
783 1805 842 1860 fit,
876 1809 922 1848 ut
950 1810 1137 1861 tempore
1166 1809 1282 1849 ortus
1313 1805 1537 1849 caniculae
1568 1805 1711 1850 Padus
1732 1805 1919 1850 maxima

293 1875 439 1928 capiat
462 1874 736 1927 incrementa,
762 1873 874 1926 quod
904 1877 992 1915 tum
1018 1873 1191 1929 Alpium
1220 1874 1341 1917 nives
1369 1873 1621 1927 liquescunt.

407 1942 445 1984 7.
504 1941 664 1983 Horum
696 1954 941 1997 camporum
973 1940 1240 1984 fertilitatem
1279 1940 1516 1984 describere
1541 1954 1626 1984 non
1663 1939 1792 1984 facile
1823 1952 1918 1983 esse

293 2009 440 2063 dicit,³
479 2013 521 2051 et
550 2013 715 2051 tantam
744 2010 789 2051 in
819 2012 881 2052 eis
907 2010 1047 2052 victus
1088 2009 1398 2052 abundantiam
1426 2013 1728 2052 commemorat
1755 2012 1798 2052 et
1827 2008 1920 2052 vili-

290 2081 436 2131 tatem,
467 2080 671 2130 quantam
698 2079 829 2120 etiam
853 2077 898 2120 in
924 2077 1165 2121 Lusitania.
1209 2076 1434 2131 glandium
1461 2082 1605 2121 autem
1631 2075 1919 2131 multitudine,

290 2159 399 2199 quas
429 2157 608 2198 quercus
634 2145 851 2199 proferant
876 2158 952 2199 per
978 2158 1153 2199 campos
1183 2145 1416 2201 dispersae,
1449 2159 1548 2188 sues
1577 2145 1784 2199 saginari,
1815 2139 1918 2198 qua-

291 2227 382 2256 rum
421 2211 631 2268 plurimae
661 2210 725 2253 his
765 2224 818 2254 ex
863 2212 1027 2268 campis
1071 2217 1370 2266 exportentur,
1418 2212 1613 2267 quamvis
1658 2211 1789 2256 etiam
1826 2217 1918 2256 tota

290 2280 415 2329 Italia
446 2280 491 2321 in
521 2279 652 2322 subus
681 2279 849 2322 alendis
877 2280 1072 2322 omnibus
1101 2280 1224 2323 terris
1254 2284 1453 2336 praestet.
1507 2293 1593 2333 qua
1622 2280 1760 2323 victus
1792 2281 1919 2336 copia

291 2352 334 2391 et
363 2347 529 2391 vilitate
551 2346 694 2404 effici„
707 2352 765 2401 ut,
793 2347 866 2401 qui
888 2360 964 2403 per
980 2348 1056 2391 hos
1088 2361 1260 2404 campos
1286 2348 1368 2391 iter
1396 2348 1573 2402 faciant,
1593 2347 1638 2389 in
1662 2348 1918 2392 deversoriis

289 2428 374 2461 non
391 2414 588 2469 singula-s
605 2428 686 2468 res,
711 2420 871 2469 quanto
891 2416 1146 2471 convenerit,
1175 2421 1333 2470 emant,
1364 2415 1442 2459 sed
1459 2421 1618 2469 quanto
1637 2416 1918 2471 excipiantur,

288 2481 562 2537 interrogent.
626 2472 843 2538 cau'pones
887 2487 1030 2527 autem
1070 2484 1320 2541 plerumque
1348 2484 1567 2531 semissem
1593 2497 1668 2540 pro
1698 2484 1812 2535 victu
1843 2496 1916 2539 po-

288 2550 462 2603 stulare,
493 2550 604 2603 quod
635 2550 820 2604 pretium
844 2564 941 2592 raro
973 2558 1196 2606 augeatur.
1211 2556 1230 2579 4

402 2616 441 2659 8.
499 2617 684 2673 Campos
715 2611 857 2660 autem
887 2617 1105 2661 Gallorum
1130 2632 1292 2673 magna
1319 2618 1544 2660 multitudo
1565 2618 1821 2671 incolebat,⁵
1844 2618 1916 2671 qui

287 2697 508 2740 corporum
552 2684 850 2741 magnitudine
889 2688 932 2727 et
968 2685 1282 2740 pulchritudine
1325 2686 1424 2729 aliis
1463 2685 1754 2741 praestabant.
1814 2690 1916 2730 ante

287 2752 447 2806 Gallos,
489 2752 562 2807 qui
591 2767 645 2795 ex
677 2752 821 2796 Gallia
857 2753 1127 2809 transalpina
1155 2753 1531 2810 immigravissent,
1573 2754 1772 2797 Etruscos
1802 2766 1914 2797 cam-

285 2834 364 2878 pos
393 2821 582 2864 tenuisse
618 2821 790 2877 traditf·
831 2834 913 2875 quo
947 2825 1138 2878 tempore
1168 2822 1298 2866 etiam
1328 2835 1505 2878 campos
1534 2821 1631 2866 illos
1656 2821 1915 2877 Phlegraeos

286 2894 328 2933 et
356 2888 510 2932 Nolam
547 2889 629 2932 sibi
675 2889 970 2945 subJecissent.
1030 2903 1058 2932 a
1094 2890 1235 2934 Gallis
1266 2894 1410 2934 autem
1446 2903 1646 2946 agrorum
1691 2889 1914 2935 fertilitate

381 3047 389 3068 ¹
416 3050 449 3091 2,
478 3051 530 3080 16.
558 3050 587 3079 c.
636 3046 652 3064 ²
676 3049 763 3080 pun.
790 3052 822 3091 3,
847 3050 901 3082 20.
951 3047 965 3068 ³
990 3051 1021 3091 2,
1049 3052 1100 3085 15,
1149 3047 1163 3068 ⁴
1187 3051 1231 3081 ib.
1281 3047 1295 3068 ⁵
1320 3051 1363 3081 ib.
1412 3047 1426 3068 ⁶
1452 3050 1483 3091 2,
1509 3051 1561 3082 17.
