2168 3278
1041 141 1095 186 13

250 265 417 315 aestivo
455 265 514 310 ad
542 265 808 310 occidentem
836 267 1057 310 hibernum
1094 267 1286 322 plerique
1317 267 1540 321 putabant,
1585 278 1674 308 non
1702 267 1875 309 Phasim

248 337 310 378 et*
332 334 532 389 Araxum,
573 333 653 390 ,qui
690 333 810 380 fluvii
850 346 906 379 ex
942 334 1222 385 vetustiorum
1266 332 1479 378 sententia
1517 333 1573 377 ab
1614 332 1779 377 oriente
1818 331 1877 376 ad

250 401 514 452 oeeklentem
549 402 627 447 has
656 407 793 448 terras
828 402 1126 448 terminabant
1177 402 1354 446 Africae
1395 405 1539 445 autem
1567 406 1612 445 et
1641 401 1773 444 Asiae
1800 401 1874 454 qui

249 473 392 516 essent
427 469 537 515 *fines
566 470 727 516 diutius
756 471 802 515 in
840 470 970 515 dubio
997 477 1092 514 erat
1128 463 1336 519 relictum.
1379 483 1519 524 neque
1553 466 1792 524 quidquam
1821 468 1876 511 ab

250 538 467 583 Herodoto
495 551 631 594 usque
655 539 714 583 ad
742 539 966 596 Polybium
993 539 1234 584 constabat.
1263 538 1419 582 Jonum
1450 536 1708 594 opinionem,
1730 537 1874 581 Nilum

252 617 349 650 esse
384 606 523 661 finem,
568 606 808 665 Herodotus
849 607 1146 662 impugnabat,
1164 610 1180 634 ²
1230 619 1326 648 cum
1355 605 1479 649 Nilus
1517 605 1690 648 Africae
1718 605 1874 648 fluvius

250 676 376 728 esset,
399 665 485 717 non
506 672 614 729 finis,
641 673 832 719 Africam
859 678 1006 719 autem
1034 674 1089 718 ab
1119 673 1227 717 Asia
1254 673 1395 717 sinum
1425 673 1644 717 arabicum
1674 673 1878 717 censebat
1936 691 1942 697 ·

250 740 478 786 minare
505 747 547 785 et
570 747 736 787 montes
760 742 960 796 Arabiae,
999 755 1028 785 a
1048 741 1178 797 Syria
1204 740 1376 784 Casium
1405 744 1605 796 montem,
1636 754 1741 796 quos
1770 740 1877 784 fines

250 808 380 854 etiam
409 809 601 866 pleriqw
624 810 877 855 retinebant.
919 814 1065 854 tamen
1091 809 1295 866 Polybius
1321 809 1543 864 antiquam
1570 810 1690 853 illam
1720 811 1877 853 Jonum

253 877 511 924 senteutiam
540 882 712 922 secutus
736 878 881 922 Nilum
900 878 1029 922 habet
1054 877 1187 922 Asiae
1218 881 1262 922 et
1288 877 1464 922 Africae
1491 877 1631 922 finem.
1666 878 1877 934 Europam

252 950 395 990 autem
423 946 479 990 ab
508 946 615 990 Asia
643 947 824 990 Tanaim
850 947 1048 990 dirimere
1072 950 1116 989 et
1131 946 1336 989 Maeotim
1358 946 1490 989 etiam
1514 945 1718 1001 Polybius
1741 949 1877 1001 putat,

252 1017 294 1056 et
331 1013 387 1056 ab
417 1012 565 1056 Africa
600 1013 756 1057 interni
787 1014 919 1057 maris
959 1014 1126 1066 ostium,
1166 1014 1279 1068 quod
1319 1018 1386 1057 est
1424 1013 1483 1056 ad
1519 1014 1742 1056 columnas
1771 1012 1876 1055 Her-

249 1078 407 1123 culeas.
423 1081 440 1107 ²
640 1122 642 1124 .

362 1147 400 1191 7.
451 1147 574 1200 Quae
602 1149 716 1192 orbis
758 1153 965 1192 terrarum
994 1153 1139 1204 partes
1183 1150 1252 1191 cui
1295 1150 1415 1192 caelo
1455 1149 1541 1192 sint
1578 1149 1798 1203 subjectae
1829 1154 1872 1191 et

249 1228 334 1271 qua
361 1214 406 1260 iu
429 1215 605 1271 regione
634 1216 859 1272 ponendae
878 1215 1119 1272 legentibus
1140 1215 1505 1260 demonstraturus
1529 1215 1663 1270 addit,
1677 1217 1694 1244 ³
1723 1216 1873 1260 Asiam

249 1286 437 1340 spatium
465 1284 704 1339 complecti,
733 1284 845 1339 quod
876 1284 932 1328 sit
956 1283 1068 1327 inter
1094 1284 1299 1328 orientem
1328 1284 1538 1328 aestivum
1570 1288 1613 1328 et
1641 1284 1877 1340 meridiem,

249 1351 439 1396 Africam
484 1351 729 1400 continuam
774 1366 869 1397 esse
916 1353 1027 1397 inter
1067 1352 1289 1396 meridiem
1328 1356 1372 1395 et
1413 1364 1611 1396 occasum
1657 1352 1876 1396 hibernum

248 1432 382 1475 usque
400 1419 458 1464 ad
478 1433 677 1464 occasum
709 1421 1082 1476 aequinoctialem,
1112 1433 1222 1475 quae
1252 1420 1310 1463 sit
1333 1420 1390 1464 ad
1420 1419 1641 1469 columnas
1665 1420 1875 1470 Herculis,-

160 1529 162 1531 ,
249 1491 307 1542 ut,
352 1487 391 1531 si
428 1492 563 1531 totum
601 1493 842 1543 spectemus
880 1488 1081 1544 spatium,
1124 1488 1203 1530 hae
1233 1488 1345 1531 duae
1382 1492 1526 1543 partes
1555 1488 1712 1531 interni
1739 1487 1872 1531 maris

247 1568 367 1602 oram
395 1554 715 1599 meridionalem
745 1555 923 1611 cingant
959 1556 1014 1599 ab
1044 1555 1267 1598 occidente
1302 1554 1361 1598 ad
1390 1568 1604 1598 occasum.
1657 1556 1873 1611 Europam

247 1626 391 1665 autem
421 1621 486 1665 his
514 1623 757 1677 oppositam
782 1622 1095 1678 septentriones
1125 1627 1321 1677 spectare
1335 1626 1378 1665 et
1404 1622 1610 1665 minorem
1624 1635 1719 1665 esse
1743 1636 1872 1677 quam

247 1689 359 1744 illas,
389 1703 485 1734 cum
513 1703 567 1734 ea
596 1690 942 1747 septentrionalis
963 1690 1206 1746 hemicyclii
1234 1703 1348 1746 pars,
1378 1703 1491 1744 quae
1517 1690 1574 1733 sit
1595 1690 1707 1733 inter
1729 1691 1874 1746 aequi—

247 1757 474 1801 noctialem
502 1771 579 1814 per
609 1758 828 1803 columnas
851 1758 1024 1802 ductam
1054 1762 1098 1801 et
1123 1761 1260 1801 ortum
1291 1757 1517 1812 aestivum,
1543 1757 1676 1801 Asiae
1704 1758 1761 1802 sit
1797 1759 1873 1802 ad·

241 1825 481 1880 jungenda.
495 1828 514 1853 ⁴
560 1825 666 1869 haec
695 1825 852 1870 divisio
878 1827 954 1870 uni
991 1831 1157 1870 tantum
1198 1827 1292 1869 loco
1323 1830 1388 1868 cst
1431 1829 1548 1881 apta,
1590 1839 1675 1880 quo
1703 1825 1754 1880 is,
1799 1826 1872 1880 qui

246 1891 458 1948 describit,
499 1893 593 1952 ipse
620 1898 722 1949 stat,
768 1894 884 1951 apud
914 1894 1138 1952 Polybium
1179 1893 1312 1950 igitur
1343 1894 1649 1949 aequinoctiali
1687 1907 1766 1950 per
1806 1907 1873 1937 co-

247 1960 414 2004 lumnas
445 1961 724 2016 Rhodumque
757 1963 926 2008 ductae²
983 1962 1191 2006 Omnibus
1232 1966 1375 2005 autem
1405 1962 1505 2006 aliis
1534 1962 1640 2006 locis
1670 1961 1770 2006 talis
1800 1962 1873 2005 de-

248 2027 425 2083 scriptio
453 2028 611 2073 falsam
641 2030 847 2074 excitabit
885 2029 1141 2086 opinionem,
1179 2044 1276 2074 cum
1316 2030 1438 2073 multi
1479 2030 1566 2073 sint
1610 2035 1653 2073 et
1682 2034 1799 2073 ortus
1830 2036 1873 2072 et

249 2103 427 2140 occasus
454 2096 791 2151 aequinoctiales
831 2097 985 2141 aestivi
1025 2097 1201 2141 hiberni.
1255 2098 1335 2141 sed
1373 2111 1460 2141 non
1495 2099 1714 2141 insolitam
1740 2090 1873 2142 fuisse

247 2163 376 2207 talem
393 2163 645 2208 divisionem
679 2169 779 2209 ante
801 2165 1032 2220 Polybium,
1056 2166 1249 2220 Ephorus
1269 2165 1404 2218 docet,
1430 2166 1504 2219 qui
1521 2166 1634 2209 orbis
1663 2171 1873 2209 terrarum

248 2230 458 2275 maximos
486 2231 665 2287 populos
694 2244 767 2286 pro
800 2231 979 2275 diversis
1005 2232 1115 2275 caeli
1135 2232 1279 2287 plagis
1298 2233 1457 2287 divisit,
1488 2239 1531 2276 et
1558 2234 1871 2287 Timosthenes,
1944 2247 1947 2249 ·

247 2297 321 2353 qui
351 2298 489 2343 ventis
518 2312 620 2342 usus
646 2302 713 2343 est
743 2299 801 2343 ad
831 2300 1189 2345 demonstrandas
1216 2299 1466 2357 populorum
1489 2301 1628 2345 sedes.

360 2365 400 2408 8.
462 2366 605 2421 Atque
632 2366 742 2410 hanc
772 2367 943 2422 quidem
964 2371 1121 2411 terram
1150 2368 1389 2423 habitatam
1419 2369 1496 2411 alii
1528 2368 1702 2413 Homeri
1737 2366 1873 2409 secuti

249 2432 495 2488 opinionem
537 2434 648 2477 sicut
684 2434 872 2478 insulam
901 2434 1119 2479 Oceanum
1153 2435 1326 2491 cingere
1360 2437 1582 2492 putabant,
1622 2436 1697 2491 qui
1723 2436 1875 2479 fluctus

249 2513 350 2545 suos
373 2500 420 2545 in
443 2505 600 2547 terram
628 2501 875 2547 immitteret
900 2507 943 2546 et
972 2507 1173 2558 quattuor
1199 2503 1295 2547 illos
1319 2504 1439 2547 sinus
1462 2518 1644 2560 magnos
1675 2505 1874 2557 efficeret,

247 2581 365 2613 mare
391 2569 623 2624 Internum,
652 2570 853 2626 Rubrum,
901 2570 1041 2614 sinum
1063 2570 1293 2626 Persicum,
1323 2584 1443 2615 mare
1472 2572 1750 2628 Hyrcanium.
1795 2572 1872 2616 alii

248 2641 390 2681 autem
420 2651 450 2680 a
483 2638 661 2682 meridie
691 2639 937 2681 continuam
975 2652 1071 2682 esse
1104 2643 1261 2682 terram
1290 2640 1345 2681 ab
1376 2639 1522 2681 Africa
1549 2652 1682 2694 usque
1718 2640 1776 2682 ad
1802 2641 1871 2682 In-

247 2702 362 2746 diam
408 2703 658 2748 orientalem
701 2705 943 2759 censebant,
984 2710 1032 2748 ut
1069 2706 1150 2748 hac
1194 2710 1308 2749 terra
1352 2702 1555 2761 magnum
1601 2707 1708 2750 illud
1751 2720 1872 2750 mare

247 2768 436 2828 australe
474 2771 888 2830 circumcluderetur,
914 2773 1027 2828 quod
1048 2774 1234 2817 Rubrum
1257 2775 1344 2829 jam
1370 2773 1660 2817 ab·Herodoto
1683 2780 1872 2818 vocatur.

244 2836 446 2894 Polybius
474 2839 645 2893 quidem
672 2841 888 2885 Oceanum
931 2845 1063 2884 totam
1104 2840 1275 2895 cingere
1310 2845 1466 2884 terram
1506 2845 1641 2900 putat,
1656 2845 1673 2870 5
1713 2842 1791 2885 sed
1819 2843 1875 2886 de

342 3018 351 3038 ¹
374 3021 420 3052 ib.
446 3022 478 3062 2,
505 3022 555 3052 17.
581 3022 622 3053 cf.
658 3024 710 3053 32.
747 3024 820 3054 158.
877 3020 894 3039 ²
918 3025 950 3065 3,
973 3025 1025 3057 37.
1081 3022 1095 3042 ³
1120 3024 1165 3055 ib.
1214 3022 1229 3042 ⁴
1253 3024 1360 3057 Strab.
1387 3034 1419 3066 p.
1450 3027 1521 3056 107.
1580 3023 1592 3043 ⁵
1616 3026 1722 3058 strab.
1749 3036 1782 3068 p.
1809 3029 1867 3065 98:

245 3072 401 3121 σύρρουν
424 3077 533 3120 φασὶν
556 3073 649 3108 εἶναι
672 3074 738 3110 τὸν
762 3074 931 3112 ὠκεανόν.
