2168 3278
1054 89 1109 133 37

272 215 317 257 in
353 208 409 257 ea
434 213 607 271 Alpium
647 219 782 270 parte,
823 229 933 270 quae
977 217 1034 260 ad
1074 215 1389 270 septentriones
1427 220 1603 273 spectet.
1666 216 1821 261 deinde
1852 216 1897 261 in

272 293 473 325 occasum
501 282 720 326 hibernum
760 284 914 327 fluvius
945 297 991 327 se
1027 284 1154 328 vertit
1192 289 1235 328 ct
1263 285 1307 327 in
1346 297 1464 328 mare
1499 284 1709 328 Sardoum
1745 284 1897 328 influit.

202 357 215 359 ’
272 348 326 392 de
355 348 479 393 ostiis
508 350 602 405 eJus
632 352 730 396 aliis
758 352 1018 408 temporibus
1050 352 1138 395 alia
1165 353 1448 396 narrabantur
1477 357 1519 395 et
1544 351 1745 396 Timaeus
1775 352 1896 407 quin-

271 430 354 472 que
382 430 477 461 esse
505 418 681 474 dixerat,
704 420 907 477 Polybius
935 424 1078 463 autem
1094 421 1208 463 hunc
1234 421 1483 478 vituperans
1502 421 1587 463 duo
1604 433 1704 469 ,esse
1730 420 1896 474 tradit,¹

272 498 449 541 quorum
477 499 607 530 unum
638 488 840 533 orientem
871 501 1019 532 versus
1058 487 1198 543 situm,
1238 489 1295 531 ad
1327 489 1440 544 quod
1470 488 1652 545 primum
1681 500 1735 530 ex
1766 487 1897 531 Italia

270 555 527 608 navigantes
557 556 796 608 veniebant,
832 556 1193 598 Massilioticum²
1232 558 1543 598 nominabatur.
1600 556 1807 598 Rhodano
1837 555 1894 597 ad

270 628 555 666 mercaturam
597 637 690 666 cum
720 623 991 666 interioribus
1022 624 1193 667 Galliae
1224 625 1418 679 partibus
1447 624 1691 668 faciendam
1720 624 1895 668 accolae

269 691 508 747 utebantur,
554 696 601 735 ut
635 690 854 734 Hannibal
885 691 1040 735 multos
1070 692 1230 736 lembos
1263 693 1306 735 in
1335 691 1463 735 fluvio
1493 692 1702 735 inveniret
1732 696 1774 735 et
1805 692 1894 735 alia

269 760 500 817 monoxyla
530 760 718 819 navigia.
737 761 751 786 3

383 829 422 872 7.
481 828 622 872 Etiam
654 830 785 885 Alpes
811 836 856 888 ut
877 830 1111 875 Rhodanus
1138 832 1193 874 ab
1217 843 1374 874 occasu
1398 829 1571 872 hiberno
1602 828 1659 871 ad
1688 828 1892 872 orientem

269 897 477 940 aestivum
509 898 782 953 porrigantur
812 912 987 942 necesse
1017 902 1094 953 est,
1143 912 1321 954 quarum
1367 898 1534 940 initium
1577 909 1709 953 prope
1740 897 1892 940 Massi-

266 965 369 1008 liam
402 977 495 1008 esse
524 969 646 1020 putat
675 979 804 1020 super
833 979 950 1009 mare
979 966 1232 1020 Sardoum,4
1273 979 1356 1019 quo
1396 967 1488 1008 loco
1528 977 1623 1008 cum
1655 965 1892 1019 Apenninis

267 1033 590 1088 conjungantur.
645 1033 745 1076 inde
774 1046 848 1076 eas
885 1033 941 1076 ad
971 1034 1198 1077 hadriatici
1243 1033 1372 1077 maris
1414 1046 1627 1076 recessum
1668 1032 1892 1087 pertinere,

267 1105 309 1143 et
337 1100 531 1142 Rhodani
561 1101 714 1143 vallem
757 1101 820 1142 eis
849 1101 1020 1155 Alpium
1063 1102 1275 1143 montibus
1316 1115 1342 1143 a
1381 1101 1557 1143 meridie
1596 1100 1771 1154 includi,
1819 1101 1889 1153 qui

266 1181 413 1212 earum
458 1168 635 1211 extremi
682 1169 768 1211 sint
811 1168 1119 1224 septentriones
1159 1182 1318 1213 versus.
1337 1171 1353 1197 ⁵
1412 1167 1478 1210 hic
1514 1166 1687 1223 Alpium
1727 1172 1889 1212 tractus

266 1235 452 1280 Galliam
484 1240 526 1278 et
554 1235 726 1278 Italiam
770 1236 970 1292 sejungit,
1007 1236 1286 1292 Rhodanique
1325 1236 1480 1279 vallem
1523 1249 1549 1277 a
1580 1235 1744 1290 campis
1774 1236 1889 1279 circa

264 1305 427 1347 Padum
458 1305 600 1358 sitis,⁶
632 1310 673 1347 et
704 1305 827 1358 quasi
859 1319 936 1346 arx
974 1310 1039 1347 est
1074 1307 1203 1347 totius
1230 1306 1429 1347 Italiae.⁷
1484 1304 1548 1345 his
1585 1303 1638 1345 de
1676 1305 1889 1347 montibus

264 1372 490 1429 populares
520 1386 620 1416 suos
660 1372 857 1416 certiores
898 1373 1040 1415 facere
1080 1372 1289 1427 studebat,
1335 1372 1590 1425 fabulasque
1632 1370 1731 1413 illas
1773 1371 1890 1427 apud

265 1453 410 1484 omnes
451 1440 505 1483 de
545 1440 604 1484 eis
652 1441 926 1496 pervulgatae
956 1440 1205 1496 opprimere,
1246 1454 1342 1483 cum
1385 1439 1598 1495 plerisque
1628 1439 1888 1484 Hannibalis

262 1508 478 1564 expeditio
508 1509 632 1562 quasi
664 1508 915 1551 miraculum
955 1521 1049 1551 esse
1077 1508 1293 1551 videretur
1328 1512 1370 1550 et
1399 1506 1488 1550 solo
1519 1506 1692 1549 deorum
1725 1506 1886 1551 auxilio

261 1576 462 1632 perfecta.
480 1577 497 1602 8
552 1576 681 1632 Alpes
705 1576 818 1619 enim
846 1576 1031 1619 incultas
1061 1589 1157 1620 esse
1185 1575 1415 1619 credebant
1444 1579 1485 1618 et
1512 1573 1604 1635 sine
1634 1573 1885 1630 homini-bus,

260 1643 334 1697 qui
361 1643 407 1684 in
434 1643 498 1686 his
529 1644 742 1687 montibus
772 1645 913 1698 glacie
943 1644 1068 1687 tectis
1108 1644 1371 1697 abscisisque
1400 1647 1527 1695 atque
1562 1641 1730 1695 asperis
1764 1642 1885 1685 habi-

259 1715 351 1754 tare
383 1724 467 1754 non
496 1715 681 1767 possent.
735 1712 867 1769 Alpes
899 1716 1041 1756 autem
1066 1715 1190 1755 tanta
1214 1709 1441 1754 altitudine
1459 1721 1554 1753 esse
1571 1708 1664 1764 ipse
1684 1708 1886 1765 Polybius

259 1783 395 1834 putat,
413 1781 429 1806 ⁹
471 1784 518 1822 ut
564 1770 797 1823 altissimos
841 1780 958 1824 dicat
999 1785 1163 1823 montes
1210 1779 1325 1821 illius
1368 1776 1670 1832 paeninsulae,
1712 1776 1757 1819 in
1799 1789 1885 1831 qua

259 1845 440 1889 Graecia
468 1846 536 1900 sit,
575 1860 670 1890 cum
708 1847 770 1890 eis
801 1848 1040 1902 comparari
1072 1860 1157 1890 non
1188 1859 1325 1903 posse,
1355 1859 1451 1888 cum
1477 1843 1665 1899 expediti
1693 1844 1884 1888 homines

194 1955 197 1956 ⁷
258 1913 334 1957 hos
363 1914 451 1957 fere
478 1927 562 1957 uno
594 1914 663 1957 die
692 1928 895 1970 superare
926 1919 968 1958 et
997 1914 1219 1959 circumire
1248 1914 1423 1970 possint,
1470 1911 1527 1954 ad
1560 1911 1691 1966 Alpes
1738 1915 1884 1955 autem

256 1994 342 2023 non
357 1981 470 2023 intra
492 1983 678 2036 quinque
702 1983 793 2026 dies
819 1983 1119 2026 adscendatur.
1150 1996 1258 2036 quas
1286 1995 1371 2025 non
1401 1978 1766 2033 inexsuperabiles
1789 1992 1884 2023 esse

257 2062 308 2093 ex
336 2048 513 2093 historia
542 2063 621 2092 nos
646 2038 772 2105 posse
796 2051 958 2105 doceriJ
975 2064 1068 2094 cum
1088 2051 1181 2107 jam
1210 2063 1340 2105 saepe
1365 2064 1392 2093 a
1412 2047 1621 2092 Rhodano
1640 2046 1685 2089 in
1709 2047 1882 2091 Italiam

256 2116 372 2160 Galli
400 2116 752 2173 immigraverint.
771 2121 807 2145 ¹⁰
864 2123 1064 2173 quattuor
1109 2123 1252 2161 autem
1291 2121 1399 2177 juga
1432 2128 1525 2160 esse
1556 2114 1672 2168 dicit,
1691 2116 1724 2141 ¹¹
1769 2110 1881 2170 'quae

254 2185 479 2229 transitum
519 2185 760 2240 admittant,
806 2200 978 2242 quorum
1011 2188 1191 2243 primum
1221 2192 1264 2231 et
1302 2187 1409 2231 mari
1440 2187 1617 2236 Etrusco
1639 2193 1878 2249 proximum

256 2268 331 2311 per
365 2254 545 2310 Ligures
588 2254 754 2311 ducere,
808 2255 1001 2299 alterum·
1033 2269 1109 2313 per
1138 2257 1363 2312 Taurinos,
1400 2259 1511 2313 quod
1540 2260 1694 2305 Strabo
1720 2262 1879 2318 aliique

254 2322 467 2378 putabant
497 2323 782 2366 Hannibalem
824 2337 1061 2380 superasse,
1105 2326 1279 2368 tertium
1318 2339 1392 2381 per
1431 2328 1641 2384 Salassos,
1681 2336 1878 2385 quartum

252 2404 328 2446 per
357 2392 527 2445 Raetos,
557 2391 702 2434 omnia
732 2396 873 2435 autem
901 2397 1131 2448 praerupta
1162 2407 1266 2437 esse.
1298 2394 1427 2437 etiam
1460 2401 1608 2440 vastas
1633 2398 1762 2454 Alpes
1793 2412 1877 2442 non

253 2472 347 2502 esse
376 2459 574 2514 affirmat,
603 2474 703 2503 nam
725 2461 818 2511 sola
837 2461 1010 2515 Alpium
1031 2461 1255 2504 cacumina
1283 2466 1324 2505 et
1349 2476 1535 2507 summos
1558 2465 1739 2508 vertices
1762 2467 1877 2520 peni-

253 2531 321 2570 tus
348 2528 571 2571 arboribus
604 2540 761 2581 carere,
801 2540 898 2570 cum
937 2528 1056 2571 nives
1092 2542 1167 2585 per
1209 2535 1344 2572 totum
1378 2544 1537 2574 annum
1566 2537 1608 2575 et
1638 2538 1804 2576 aestate
1833 2539 1876 2577 et

253 2594 389 2639 hieme
418 2595 476 2639 ibi
506 2598 721 2650 maneant,
760 2595 925 2638 medias
956 2600 1101 2639 autem
1141 2602 1284 2652 partes
1322 2598 1454 2641 silvas
1491 2599 1598 2642 ferre
1628 2605 1670 2643 et
1709 2600 1874 2645 habita-

253 2662 357 2706 biles
396 2677 512 2718 esse,
530 2667 567 2691 ¹2
612 2664 852 2717 multasque
890 2663 1103 2706 hominum
1135 2671 1286 2718 gentes
1326 2680 1400 2709 eas
1445 2667 1652 2722 incolere,
1697 2682 1875 2722 quarum

250 2742 382 2785 prope
442 2745 560 2776 mare
608 2732 818 2776 Sardoum
870 2731 1051 2786 Ligures
1104 2732 1316 2788 nominat,
1381 2733 1583 2790 deinceps
1628 2735 1776 2779 Gallos
1834 2742 1876 2780 et

345 2909 353 2929 ¹
380 2912 487 2942 Strab.
518 2915 592 2947 183,
641 2912 656 2932 ²
680 2917 711 2956 3,
739 2918 792 2948 41,
819 2918 850 2948 5.
900 2914 914 2935 ³
939 2918 970 2956 3,
997 2918 1050 2948 4‘2.
1077 2919 1107 2949 2,
1157 2916 1171 2935 ⁴
1197 2919 1228 2958 2,
1258 2920 1306 2950 14,
1335 2920 1363 2947 6.
1417 2916 1429 2936 ⁵
1449 2920 1480 2956 3,
1508 2920 1559 2949 47.
1586 2920 1616 2949 3.
1667 2916 1682 2937 ⁶
1705 2921 1749 2953 ib.
1805 2918 1817 2939 ²
1843 2923 1872 2952 3

248 2970 302 3002 59.
352 2965 366 2986 ⁸
391 2970 423 3010 3,
448 2969 501 3003 47.
528 2971 558 3002 6.
606 2967 621 2988 ⁹
644 2970 751 3007 strab,
777 2973 856 3005 208.
907 2970 936 2993 ¹⁰
952 2976 984 3014 3,
1010 2975 1063 3004 48.
1092 2976 1121 3005 6.
1177 2972 1200 2992 ¹¹
1227 2974 1331 3008 strab.
1359 2975 1434 3004 208.
1490 2972 1517 2992 ¹²
1543 2976 1573 3013 3,
1600 2976 1652 3007 59.
1680 2976 1710 3009 9.
1760 2977 1792 3019 2,
1821 2978 1871 3011 18,

247 3026 278 3058 4.
327 3027 359 3066 3,
382 3026 437 3058 48.
465 3028 494 3059 7.
