2168 3278
1018 108 1074 153 51

242 232 376 278 Asiae
401 218 547 282 Media
573 244 707 287 equos
734 221 992 290 suppeditet,
1022 245 1119 277 cum
1149 245 1298 277 omnes
1319 231 1467 312 regiae
1492 233 1697 288 equariae
1723 232 1866 278 Medis
1952 268 1957 271 >

202 299 426 356 traditae
446 300 543 345 sint.
579 298 652 355 (τὰ
677 299 956 358 ἱπποφόρβια,
986 299 1039 344 τά
1066 299 1259 357 βασιλικοὶ
1287 299 1524 359 συστήματα
1547 299 1629 343 τῶν
1658 300 1859 357 ἱπποτρο-

234 365 375 425 (pam.)
427 367 581 412 Nisaei
606 370 785 424 equites,
803 373 817 396 ¹

347 435 387 479 7.
446 437 563 480 Inter
590 437 781 481 Mediam
810 443 854 481 et
878 436 1156 493 Parthyenen
1198 435 1411 480 desertum
1451 436 1720 492 interJectum
1746 442 1826 495 est,
1843 441 1860 466 ²

233 504 279 547 in
304 516 390 558 quo
431 504 551 560 putei
579 510 690 560 sunt,
737 518 842 560 quos
868 505 1097 549 Persarum
1120 504 1259 560 jussu,
1304 517 1402 547 cum
1431 503 1581 547 Asiam
1606 503 1689 548 sibi
1717 505 1858 562 subJe·

231 571 402 626 cissent,
429 571 568 617 tactos
595 586 690 617 esse
717 573 950 632 indigenae
977 573 1227 635 narrabant,
1255 586 1283 616 a
1305 571 1450 615 Tauro
1472 584 1589 626 aqua
1617 571 1858 617 abundanti

212 641 519 698 >subterraneis
561 642 689 685 fossis
732 641 878 697 procul
922 640 1075 695 ductis,
1112 636 1178 694 ut,
1222 639 1295 695 qui
1337 643 1439 683 tunc
1477 639 1682 684 vivebant
1708 641 1856 696 eisque

231 708 471 764 utebantur,
500 710 589 766 jam
614 723 701 755 non
734 709 903 763 seirent,
948 707 1020 752 ubi
1047 707 1197 752 harum
1226 707 1438 755 fossarum
1471 707 1641 761 initium
1669 714 1784 755 emet
1812 715 1855 755 et

231 777 346 822 unde
374 790 490 833 aqua
520 778 578 822 ad
603 778 819 822 desertum
842 776 1095 831 perveniret
1124 781 1245 819 trans
1267 775 1345 818 hoc
1367 775 1582 822 desertum
1603 777 1854 828 Parthorum

228 851 343 890 terra
372 851 437 890 est
474 843 516 903 (ἡ
546 846 786 903 Παρθυηνῇ,
802 848 819 873 ⁸
858 847 1125 902 Παρθυιιιιίιιχι
1168 846 1407 900 Παρθυαῖοι
1422 846 1477 901 ⁵),
1519 858 1607 900 qua
1633 845 1681 890 in
1708 849 1855 895 media

229 914 566 970 Hecatompylus
580 917 597 943 ⁶
625 914 710 957 sita
738 918 816 968 est,
845 913 918 967 qui
950 913 1070 962 locus
1098 912 1182 956 viis
1207 925 1362 957 nomen
1387 913 1555 970 accepit
1583 915 1783 970 utrinque
1800 931 1852 964 eo

229 981 574 1027 concurrentibus
619 986 662 1025 et
708 982 766 1025 ad
804 981 950 1025 omnia
994 981 1089 1024 loca
1130 979 1289 1023 circum
1318 981 1404 1024 sita
1445 981 1547 1026 inde
1585 982 1851 1031 ducentibus.

228 1050 372 1095 Labus
397 1063 518 1094 mons
531 1053 547 1079 ⁷
576 1050 824 1094 Parthorum
844 1056 1000 1099 terram
1026 1048 1081 1092 ab
1106 1048 1329 1104 Hyrcania
1353 1041 1555 1104 sejungit.

278 1151 284 1153 >
339 1118 379 1161 8.
436 1118 703 1174 Hyrcaniam
730 1118 849 1162 Oxus
874 1116 1029 1161 fluvius
1050 1116 1263 1170 terminat,
1278 1118 1295 1144 ⁸
1321 1121 1441 1161 trans
1460 1130 1587 1172 quem
1605 1120 1850 1175 Apasiacae

228 1186 445 1229 Nomades
461 1189 477 1214 ⁹
505 1190 661 1229 terram
679 1189 838 1238 tenent,
863 1197 974 1245 quae
1001 1188 1068 1227 est
1096 1184 1206 1227 inter
1225 1183 1364 1228 Oxum
1389 1189 1432 1227 et
1449 1186 1645 1240 Tanaim,
1670 1200 1847 1242 quorum

224 1246 298 1297 ille
339 1253 385 1296 in
431 1265 550 1296 mare
579 1252 839 1307 Hyrcanium
867 1251 1019 1305 influit,
1065 1251 1133 1295 hic
1165 1251 1211 1294 in
1239 1251 1455 1306 Maeotim,
1497 1250 1675 1307 uterque
1702 1261 1847 1302 autem

225 1321 379 1364 fluvius
408 1334 592 1375 magnus
617 1325 684 1364 est
713 1325 755 1363 et
782 1319 1056 1374 navigabilis.
1089 1308 1219 1373 atque
1247 1318 1366 1363 Oxus
1391 1319 1575 1374 quidem
1596 1335 1625 1364 a
1653 1322 1847 1369 Caucaso

223 1389 376 1433 Indiae
403 1394 547 1433 monte
576 1394 693 1447 ortus
721 1402 797 1445 per
826 1387 1103 1432 Bactrianam
1141 1392 1185 1432 et
1213 1387 1478 1444 Hyrcaniam
1515 1388 1560 1433 ιιι
1589 1403 1708 1435 mare
1735 1392 1847 1448 Hyr-

223 1457 395 1501 canium
423 1457 583 1502 defluit.
642 1457 687 1499 in
719 1456 953 1499 Bactriana
980 1455 1123 1498 multis
1153 1455 1294 1499 fluviis
1320 1460 1473 1501 auctus
1502 1469 1662 1512 magno
1689 1465 1731 1503 et
1759 1465 1845 1505 tur-

222 1526 323 1569 bido
351 1525 526 1568 flumine
554 1526 760 1579 planam
780 1530 938 1567 terram
968 1537 1101 1577 usque
1132 1523 1191 1566 ad
1219 1523 1434 1568 desertum
1462 1525 1644 1581 perfluit,
1685 1527 1742 1571 in
1760 1543 1844 1583 quo

218 1607 402 1649 magnus
429 1606 637 1647 aquarum
669 1593 762 1648 ejus
785 1592 976 1648 deJectus
999 1590 1059 1646 fit,
1088 1604 1215 1645 quem
1230 1591 1397 1647 antiqui
1414 1592 1641 1649 scriptores
1670 1596 1845 1652 saepius

219 1661 544 1717 descripserunt.
567 1661 661 1716 jam
689 1660 895 1704 Eudoxus
911 1662 948 1687 ¹0
974 1658 1127 1703 eadem
1152 1658 1206 1702 de
1235 1659 1308 1703 illo
1337 1660 1586 1716 tradiderat,
1626 1675 1739 1717 quae
1766 1663 1842 1709 Po-

218 1730 361 1785 lybius
392 1728 581 1784 exponit,
624 1728 697 1781 qui
739 1727 926 1771 fluminis
956 1726 1042 1770 vim
1065 1726 1110 1770 in
1138 1731 1263 1772 tanta
1283 1741 1489 1782 aquarum
1521 1728 1648 1784 copia
1674 1734 1842 1776 tantam

217 1809 312 1840 esse
331 1800 491 1850 narrat,
519 1799 567 1839 ut
591 1795 746 1838 fluvius
773 1795 869 1851 plus
899 1808 1029 1838 unum
1065 1794 1254 1839 stadium
1283 1803 1411 1851 super
1439 1808 1566 1851 rupes
1592 1796 1691 1842 illas
1720 1812 1842 1855 prae-

215 1868 367 1921 ruptas
388 1864 683 1919 transferatur,
715 1876 797 1918 quo
827 1863 930 1918 fieri,
960 1867 1006 1906 ut
1022 1862 1191 1907 radices
1213 1876 1359 1908 earum
1388 1876 1474 1907 non
1500 1864 1747 1922 madefiant,
1761 1868 1841 1914 sed

214 1933 460 1991 Apasiacae
488 1932 566 1975 sub
606 1931 773 1987 deiectu
798 1932 917 1975 fluvii
947 1937 1115 1987 praeter
1139 1944 1267 1987 rupes
1296 1931 1342 1974 in
1367 1931 1629 1986 Hyrcaniam
1656 1934 1840 1990 pedibus

215 2014 311 2045 cum
339 2000 460 2055 equis
493 1999 583 2043 suis
613 2000 797 2044 transire
823 1999 1004 2056 possint.
1065 2000 1204 2043 altera
1234 2012 1402 2054 quoque
1433 2000 1625 2056 ejusdem
1655 2001 1737 2047 Oxi
1768 2004 1839 2049 de-

210 2068 353 2123 Jectus
366 2067 569 2111 narratio
595 2068 863 2123 pervulgata.
877 2072 981 2122 erat,
1013 2080 1142 2121 quam
1171 2066 1373 2122 Polybius
1399 2067 1463 2110 illi
1491 2069 1691 2124 praefert.
1742 2084 1838 2116 cum

214 2135 327 2178 enim
356 2134 441 2178 illis
470 2134 647 2189 rupibus
674 2135 793 2190 plani
820 2134 990 2189 lapides
1016 2134 1198 2189 subjecti
1227 2134 1325 2189 sint,
1364 2134 1416 2178 in·
1441 2148 1547 2190 quos
1578 2136 1733 2183 flumen
1762 2140 1837 2188 de-

212 2203 384 2256 feratur,
412 2201 477 2245 his
506 2201 722 2257 lapidibus
751 2201 796 2244 iu
822 2206 946 2245 tanta
973 2201 1161 2251 fluminis
1190 2201 1233 2244 vi
1260 2215 1421 2257 aquam
1452 2216 1525 2247 eos
1555 2211 1835 2250 excavantem

212 2274 255 2313 et
296 2274 634 2324 perrumpentem
670 2282 756 2311 non
797 2270 943 2324 procul
969 2270 1065 2312 ‘sub
1109 2273 1266 2312 terram
1298 2270 1449 2325 abripi,
1494 2271 1648 2328 deinde
1691 2288 1836 2318 rursus

212 2337 361 2381 emitti.
418 2337 624 2381 barbaros
667 2341 810 2381 autem
854 2336 1041 2380 locorum
1084 2336 1244 2393 peritos
1283 2350 1361 2393 per
1405 2337 1512 2382 illud
1562 2339 1834 2387 intervallum

156 2399 162 2403 Κ
210 2405 330 2461 equis
361 2405 406 2448 ιιι
429 2405 693 2461 Hyrcaniam
720 2404 915 2449 transii-,e

322 2473 543 2521 Caucasus
570 2477 711 2516 autem
742 2487 875 2527 mons,
894 2477 929 2501 ¹¹
962 2473 1016 2517 de
1062 2487 1143 2528 quo
1171 2447 1291 2518 Oxus
1330 2473 1525 2530 decurrit,
1557 2477 1831 2522 Bactrianam

209 2542 265 2585 ab
294 2541 423 2586 India
451 2540 638 2597 seJungit
682 2548 725 2584 et
761 2541 895 2585 Tauri
924 2555 1026 2599 pars
1070 2546 1148 2597 est,
1193 2554 1289 2585 cum
1330 2542 1590 2588 Macedones
1619 2550 1832 2591 extremas

209 2609 340 2653 Tauri
370 2614 529 2666 partes,
555 2622 667 2664 quae
696 2609 848 2653 Indiae
876 2610 1209 2664 septentrionale
1241 2610 1355 2653 latus
1383 2611 1672 2656 terminabant
1700 2618 1743 2657 et
1775 2616 1831 2658 ab

207 2677 425 2732 indigenis
454 2677 758 2734 Paropamisus
781 2677 972 2722 Emodus
1000 2679 1147 2721 Imaus
1177 2677 1521 2734 nominabantur,
1551 2679 1629 2739 hoc
1660 2681 1831 2726 nomine

206 2746 598 2801 complecterentur.
617 2748 654 2773 12

299 2869 309 2890 ¹
335 2873 389 2913 31,
415 2873 444 2904 3.
472 2873 501 2902 c.
549 2870 565 2891 ²
595 2874 647 2913 10,
672 2873 727 2906 28,
777 2869 791 2890 ³
814 2873 861 2904 ib.
908 2869 924 2890 ¹
948 2875 980 2913 5,
1004 2873 1060 2904 44.
1084 2873 1115 2904 4.
1165 2870 1179 2891 ⁵
1206 2874 1257 2914 10,
1282 2874 1334 2903 31.
1366 2875 1415 2907 15.
1463 2872 1479 2893 ⁶
1505 2877 1557 2915 10,
1580 2875 1633 2907 28.
1661 2877 1690 2906 7.
1722 2877 1777 2918 29,
1798 2879 1828 2910 1.

203 2924 216 2945 '¹
239 2927 285 2959 ib.
311 2931 344 2959 ot
368 2928 420 2958 31.
450 2930 479 2960 1.
550 2926 565 2947 ⁸
592 2931 644 2969 10,
671 2930 724 2963 48,
796 2925 811 2947 ⁹
837 2929 881 2960 ib.
958 2926 985 2947 ¹⁰
1009 2929 1115 2961 strab.
1142 2931 1218 2961 510.
1296 2927 1323 2948 ¹¹
1352 2931 1405 2971 ιο,
1429 2932 1484 2962 48.
1508 2933 1541 2964 4.
1617 2934 1669 2973 ιι,
1694 2933 1746 2966 34,
1776 2934 1829 2969 ιι,

208 2979 235 3000 ¹²
260 2979 424 3015 Eratosth.
446 2993 499 3024 sp.
526 2984 632 3017 Strab.
657 2994 688 3024 p.
716 2987 792 3016 689.
818 2986 859 3018 cf.
887 2987 963 3016 506.
1013 2986 1145 3015 Arriani
1169 2994 1245 3026 exp.
1272 2986 1324 3016 Al.
1352 2988 1381 3019 5.
1408 2988 1439 3018 3.

1551 3085 1598 3120 4*
