2168 3278
981 173 1045 220 27

515 438 595 475 De
617 437 787 485 tribus
811 436 954 475 orbi·
977 437 1238 473 terrorum
1261 434 1512 480 partibus.

958 613 1067 682 Im

802 787 1219 880 Europ&

319 947 355 990 1.
410 946 622 1003 Sequitur,
666 950 713 990 ut
742 945 796 989 de
836 944 943 1002 ipsis
980 943 1117 989 tribus
1156 944 1270 989 orbis
1308 949 1516 988 terrarum
1545 943 1739 999 partibus
1770 941 1828 985 sit

204 1015 327 1057 nobis
358 1014 597 1069 dicendum,
626 1027 650 1056 e
671 1013 824 1067 quibus
854 1013 1027 1068 Europa
1056 1012 1229 1066 quidem
1258 1027 1286 1056 a
1313 1013 1523 1056 columnis
1553 1010 1751 1054 Herculis
1768 1008 1826 1051 ad

201 1082 384 1125 Tanaim
413 1082 589 1125 fluvium
616 1084 738 1138 patet
765 1083 808 1122 et
829 1079 1203 1135 septentrionalem
1234 1085 1405 1124 nostrae
1435 1080 1659 1123 habitatae
1687 1081 1827 1121 terrae

202 1153 367 1207 partem
411 1150 573 1205 implet.
590 1152 602 1176 ¹
661 1146 974 1203 longitudinem
1017 1147 1111 1202 ejus
1155 1162 1183 1191 a
1225 1148 1431 1191 columnis
1474 1147 1532 1190 ad
1571 1160 1619 1190 os
1643 1145 1827 1189 Maeotis

202 1216 364 1260 directo
405 1229 531 1273 cursu
570 1215 745 1259 definire
789 1218 968 1259 conatus
1012 1219 1079 1259 est
1114 1216 1172 1259 ad
1210 1214 1447 1260 stadiorum
1475 1214 1631 1271 viginti
1659 1217 1824 1270 septem

201 1284 322 1327 milia
351 1284 666 1338 quadringenta
693 1283 932 1337 nonaginta
960 1296 1049 1336 seit,
1065 1285 1082 1310 ²
1110 1284 1242 1326 etiam
1267 1283 1348 1327 hac
1369 1284 1413 1326 in
1443 1295 1643 1326 mensura
1672 1282 1726 1325 de
1749 1280 1827 1324 ali-

200 1366 322 1396 orum
352 1352 692 1408 geographorum
718 1350 923 1394 metiendi
954 1351 1120 1395 ratione
1157 1351 1381 1405 decedens,
1416 1351 1488 1405 qui
1516 1355 1592 1394 aut
1621 1363 1674 1393 ex
1701 1362 1827 1404 para-

199 1420 272 1476 plo
302 1432 527 1463 mensuras
552 1423 761 1462 terrarum
787 1416 987 1474 agebant,
1019 1422 1095 1461 aut
1122 1431 1176 1462 ex
1202 1419 1423 1476 parallelis
1454 1416 1757 1474 aequinoctiali
1784 1420 1828 1460 et

200 1502 254 1531 ex
282 1487 540 1531 meridianis.
602 1487 960 1541 quemadmodum
990 1487 1198 1544 Polybius
1225 1488 1338 1532 hunc
1366 1500 1588 1531 numerum
1618 1484 1829 1529 invenerit

199 1569 283 1599 non
314 1559 494 1610 constat,
536 1555 719 1599 fortasse
760 1554 912 1599 eadem
950 1554 1129 1610 ratione,
1167 1569 1254 1611 qua
1288 1556 1475 1613 spatium
1506 1553 1680 1608 invenit,
1710 1552 1825 1608 quod

200 1628 267 1668 est
295 1638 324 1667 a
347 1623 553 1667 columnis
589 1624 647 1666 ad
681 1622 888 1677 Siciliam,
928 1635 983 1666 ex
1010 1622 1215 1678 trianguli
1245 1623 1467 1679 enjusdam
1492 1620 1826 1678 computatione,

200 1691 322 1748 quus
366 1703 499 1735 unum
536 1690 649 1734 latus
676 1690 793 1734 linea
834 1694 928 1734 erat
965 1703 993 1733 a
1017 1689 1225 1734 columnis
1265 1690 1324 1734 ad
1367 1704 1415 1733 os
1452 1690 1636 1733 Maeotis
1680 1687 1824 1731 dueta.

199 1759 332 1803 etiam
351 1758 470 1814 quali
486 1756 653 1801 ratione
666 1757 939 1801 latitudinem
956 1759 1154 1814 Europae
1170 1759 1494 1816 computaverit,
1524 1770 1652 1813 quam
1671 1767 1825 1799 novem

198 1826 319 1869 milia
347 1826 530 1870 ducenta
559 1825 793 1869 stadiorum
824 1837 919 1868 esse
948 1824 1069 1881 dixit,
1099 1839 1185 1870 non
1212 1830 1394 1881 constat,
1423 1830 1466 1869 et
1493 1839 1548 1869 ne
1576 1825 1623 1868 id
1651 1822 1824 1879 quidem

199 1894 370 1949 scimus,
400 1893 515 1936 unde
539 1894 686 1937 exiens
713 1892 917 1949 Polybius
940 1906 1187 1937 mensuram
1217 1893 1367 1949 egerit,
1392 1906 1530 1947 neque
1551 1905 1677 1947 quem
1697 1890 1825 1933 finem

199 1960 292 2015 eJus
323 1960 529 2004 habuerit.

311 2027 349 2071 2.
403 2029 550 2072 Totius
573 2032 718 2072 autem
739 2029 950 2082 Europae,
973 2029 1084 2073 sicut
1112 2030 1244 2073 etiam
1270 2030 1453 2074 aliarum
1478 2029 1592 2072 orbis
1617 2032 1824 2071 terrarum

199 2096 385 2151 partium
412 2096 609 2150 singulae
636 2100 776 2138 terrae
806 2096 923 2151 apud
951 2100 1117 2140 veteres
1146 2098 1359 2141 communi
1399 2097 1606 2141 carebant
1641 2093 1824 2148 nomine,

199 2163 278 2206 sed
322 2162 376 2205 de
417 2163 585 2219 populis
625 2175 971 2217 unamquamque
1015 2165 1299 2208 incolentibus
1329 2164 1505 2207 nomina
1532 2161 1825 2215 inveniebant,

199 2235 246 2274 ut
284 2234 427 2274 essent
460 2230 601 2274 Iberia
625 2229 770 2274 Gallia
797 2230 978 2284 Liguria
1005 2231 1180 2275 Etruria
1207 2233 1424 2275 Iberorum
1447 2232 1666 2274 Gallorum
1694 2230 1823 2282 Ligu-

199 2310 292 2340 rum
321 2298 592 2340 Etruscorum
614 2300 765 2340 terrae.
821 2297 1126 2342 Eratosthenes
1141 2299 1158 2326 ⁸
1186 2298 1348 2355 primus
1380 2298 1618 2342 incolarum
1647 2301 1690 2340 et
1720 2296 1822 2340 civi-

198 2369 334 2408 tatum
361 2364 481 2407 nulla
505 2365 670 2408 ratione
697 2365 845 2409 habita
872 2367 1072 2423 Europae
1100 2372 1246 2423 partes
1273 2371 1387 2411 totas
1417 2366 1644 2423 descripsit
1675 2368 1718 2408 et
1736 2369 1823 2408 tres

198 2432 308 2475 dixit
336 2446 560 2476 excurrere
588 2433 866 2490 paeninsulas
896 2435 951 2479 ab
984 2436 1158 2492 Europa
1188 2435 1233 2479 in
1260 2448 1392 2491 mare,
1429 2448 1610 2490 quarum
1639 2434 1821 2491 primam

198 2492 305 2555 esse,
343 2514 455 2556 quae
495 2501 554 2544 ad
579 2501 798 2546 columnas
824 2503 1022 2547 Herculis
1063 2504 1191 2547 finem
1218 2502 1389 2557 habeat,
1433 2502 1658 2559 Ligustica
1686 2502 1743 2545 ab
1773 2515 1823 2546 eo

198 2569 433 2625 appellata,
477 2573 520 2613 et
546 2569 590 2612 in
620 2583 707 2624 qua
729 2570 872 2614 Iberia
900 2572 987 2615 sita
1016 2572 1086 2628 sit,
1116 2573 1310 2627 alteram,
1349 2585 1459 2627 quae
1489 2573 1547 2615 ad
1576 2573 1731 2616 fretum
1757 2572 1822 2615 Si-

197 2637 352 2691 culum,
382 2636 568 2692 tertiam,
599 2650 711 2692 quae
740 2637 800 2681 ad
823 2638 990 2682 Maleas
1008 2643 1243 2697 procurrat,
1270 2644 1314 2684 et
1337 2653 1448 2696 quae
1469 2652 1617 2684 omnes
1641 2639 1821 2695 populos

195 2704 307 2747 inter
335 2704 634 2748 Hadriaticum
672 2718 790 2749 mare
835 2711 879 2750 et
914 2707 1095 2751 Pontum
1126 2709 1391 2762 Tanaimque
1429 2707 1670 2751 habitantes
1708 2719 1820 2750 com-

195 2772 418 2829 plectatur.
467 2773 673 2830 Polybius
704 2777 847 2818 autem
877 2773 987 2818 hane
1013 2775 1192 2819 nimiam
1218 2776 1391 2819 tertiam
1418 2776 1464 2819 in
1493 2776 1636 2833 plures
1661 2775 1820 2830 divisit,

196 2852 374 2894 quarum
414 2853 545 2883 unam
576 2841 748 2885 Maleae
790 2845 832 2886 et
861 2842 1039 2886 Sunium
1066 2843 1231 2899 finiant,
1269 2844 1408 2888 altera
1435 2843 1481 2888 in
1510 2844 1819 2889 Chersonesum

195 2906 446 2951 Thracieam
472 2912 682 2963 excurrat,
706 2909 835 2954 tertia
860 2909 918 2953 ad
941 2910 1179 2966 Bosporum
1211 2912 1481 2957 Cimmerium
1508 2917 1551 2957 et
1581 2913 1638 2956 ad
1664 2913 1822 2956 ostium

193 2973 376 3018 Maeotis
403 2974 531 3018 finem
559 2974 728 3019 habeat.

287 3097 300 3119 ¹
323 3101 356 3141 a,
380 3101 435 3135 ³⁷.
461 3101 495 3135 2.
542 3098 558 3119 ¹
580 3100 667 3134 Pnn.
693 3103 724 3141 e,
749 3102 826 3134 206.
876 3101 891 3123 ⁸
909 3103 1016 3136 strab.
1043 3105 1117 3137 ios.
