2168 3278
1075 92 1131 139 32

384 218 466 261 110.
525 219 588 261 De
618 217 835 261 Iberorum
863 219 1045 274 populis,
1078 218 1150 273 qui
1176 219 1232 262 ab
1261 220 1383 263 Ibero
1413 220 1472 263 ad
1502 222 1725 266 columnas
1755 220 1921 266 habita-

288 289 403 339 bant,
430 286 545 330 solos
574 285 792 329 Edetanos
809 289 822 313 ¹
855 286 1058 342 nominat,
1082 286 1196 330 Livii
1225 286 1476 331 Sedetanos.
1493 290 1510 315 ²
1568 290 1646 334 sed
1685 289 1753 334 hic
1787 289 1919 334 etiam

286 361 489 413 θερσῖται,
516 356 760 409 Μαστιανοί,
783 351 954 412 Ὀρῆτες,
986 351 1201 405 Ὁλκάδες3
1236 355 1423 411 ponendi
1453 360 1575 412 sunt,
1619 371 1728 412 quos
1758 357 1920 402 Hanni-

285 425 358 468 bal
398 424 443 467 in
485 423 675 466 Africam
716 424 1037 478 transportavit,
1080 428 1127 466 ut
1167 424 1383 467 Iberorum
1421 424 1550 468 fidem
1590 425 1672 469 sibi
1707 427 1918 470 retineret.

286 492 489 549 Polybius
514 495 670 546 autem,
696 491 767 546 qui
797 492 973 535 nomina
1002 504 1143 535 eorum
1172 490 1218 534 in
1244 504 1380 535 aeneo
1399 492 1474 536 illo
1498 499 1772 538 monumento
1801 495 1918 551 legit,

286 560 400 614 quod
431 559 598 603 Lacinii
625 559 681 602 ab
713 560 959 603 Hannibale
987 559 1262 602 constitutum
1286 564 1391 614 erat,
1426 564 1517 603 tum
1542 574 1596 604 ea
1625 562 1799 623 nomina
1821 574 1917 605 cum

285 626 596 681 antiquioribus
632 626 875 670 nominibus
921 627 1111 670 conferre
1148 640 1233 670 non
1262 626 1411 682 potuit,
1442 641 1526 682 quo
1556 628 1717 672 factum
1742 633 1828 682 est,
1871 634 1919 671 ut

284 695 512 738 Tarseium
528 694 687 738 Mastia
700 697 718 721 4
746 695 804 738 ad
818 694 993 738 Africae
1013 693 1236 738 Pulchrum
1257 695 1591 751 promontorium
1606 699 1918 752 transponeret,
1933 749 1943 754 ,

284 776 397 817 quae
413 763 559 819 opinio
576 763 831 806 documento
847 766 926 819 est,
948 767 1112 816 quanta
1131 763 1187 806 sit
1204 765 1321 807 facta
1342 764 1467 820 hujus
1488 768 1627 807 terrae
1647 764 1916 820 populorum-

284 845 366 886 que
411 831 504 886 ejus
556 832 738 874 mutatio
778 831 992 882 confecto,
1026 830 1136 873 bello
1187 832 1473 876 Hannibalico
1521 832 1730 888 victisque
1783 830 1917 875 Iberis

285 902 571 943 Romanorum
604 900 747 943 armis.
791 913 892 942 nam
912 898 1132 942 Thersitas
1154 913 1249 943 cum
1275 900 1715 958 Tartesso'(Tarseio)
1739 900 1914 944 Mastia-

282 981 360 1010 nos
406 981 502 1010 cum
534 967 691 1009 Mastia
721 967 821 1009 urbe
864 967 1143 1009 conferendos
1183 979 1276 1010 esse
1317 973 1432 1011 recte
1470 968 1551 1011 viri
1585 968 1700 1012 docti
1726 972 1914 1021 censent,

283 1049 513 1090 eorumque
552 1036 690 1078 locum
737 1039 889 1089 postea
925 1035 1192 1078 Turdetanos
1237 1035 1530 1090 Turdulosque
1571 1041 1614 1079 et
1660 1036 1916 1079 Bastetanos

284 1102 567 1156 Bastulosque
598 1102 832 1145 obtinuisse
901 1100 1033 1144 etiam
1077 1101 1226 1145 Oretes
1267 1101 1438 1145 eosdem
1478 1115 1573 1146 esse
1618 1116 1670 1146 ac
1705 1103 1915 1147 Oretanos

281 1171 370 1213 veri
399 1170 538 1212 simile
568 1174 646 1224 est,
675 1169 884 1213 Olcadum
902 1172 918 1197 ⁵
950 1174 1092 1212 autem
1112 1183 1265 1212 nomen
1281 1174 1379 1225 post
1406 1170 1561 1213 bellum
1580 1170 1914 1214 Hannibalicum

276 1239 370 1294 jam
416 1251 502 1280 non
546 1236 743 1281 occurrit.
800 1236 1060 1292 gravissima
1104 1249 1248 1280 eorum
1306 1237 1404 1280 urbs
1447 1237 1661 1282 Althaea6
1705 1238 1811 1291 fuit,
1859 1237 1914 1280 ab

282 1305 525 1349 Hannibale
555 1309 817 1361 expugnata,
855 1318 982 1359 quam
1015 1304 1159 1348 Livius
1188 1304 1407 1348 Cartalam
1436 1306 1673 1349 nominat.⁷

396 1375 463 1416 11.
515 1372 865 1425 Turdetanorum,
897 1385 1004 1426 quos
1034 1385 1135 1414 num
1164 1372 1298 1415 Iberis
1337 1372 1539 1428 Polybius
1568 1372 1915 1416 adnumeraverit

282 1456 366 1492 non
398 1445 586 1495 constat,
627 1453 766 1483 mores
804 1438 982 1493 agrique
1022 1439 1286 1483 fertilitatem
1326 1440 1478 1484 laudat
1516 1445 1559 1485 et
1600 1440 1815 1484 Turdulos
1858 1439 1913 1482 ab

280 1511 343 1553 eis
359 1508 597 1562 distinguit.
614 1510 631 1534 ⁸
669 1506 878 1549 Turdulos
895 1507 1008 1548 enim
1024 1507 1284 1550 Turdetanis
1307 1509 1471 1552 vicinos
1488 1522 1582 1552 esse
1604 1507 1913 1564 septentriones

277 1591 427 1622 versus
458 1576 575 1619 dicit.
635 1577 963 1619 Bastetanorum
994 1588 1147 1618 nomen
1177 1576 1532 1630 Bastulorumque
1561 1576 1678 1632 apud
1704 1589 1801 1619 eum
1827 1589 1913 1618 non

279 1646 447 1700 legitur.
479 1644 523 1686 in
543 1643 812 1686 interioribus
834 1642 1118 1697 paeninsulae
1142 1644 1335 1698 partibus
1359 1645 1589 1699 Carpetani
1608 1644 1883 1687 nominantur
1897 1645 1914 1669 ⁹

278 1715 346 1758 vel
371 1712 564 1768 Carpesii
586 1715 622 1739 ¹⁰
646 1711 915 1754 validissima
938 1711 1026 1753 fere
1052 1710 1222 1753 illarum
1241 1712 1464 1765 regionum
1489 1713 1622 1767 natio,
1658 1710 1855 1764 Vaccaei,
1876 1712 1912 1737 11

279 1795 458 1837 quorum
484 1779 530 1823 in
558 1778 713 1823 finibus
744 1778 869 1822 urbes
900 1781 1023 1821 erant
1051 1777 1322 1824 Helmantica
1350 1784 1392 1824 et
1421 1779 1649 1831 Arbucala‚
1678 1791 1839 1834 magna
1869 1781 1913 1821 et

280 1849 557 1892 celeberrima
588 1848 700 1889 urbs.
725 1847 757 1872 ¹²
812 1846 1048 1899 Segesama
1077 1850 1220 1889 autem
1250 1852 1292 1890 et
1326 1848 1558 1891 Intercatia
1587 1848 1631 1891 in
1662 1859 1806 1891 eorum
1834 1850 1911 1888 aut

281 1916 587 1960 Celtiberorum
617 1919 732 1958 terra
755 1912 980 1968 ponendae
1004 1917 1114 1956 sunt.
1131 1915 1168 1941 ¹³

396 1983 461 2026 12.
521 1984 571 2025 In
610 1981 838 2025 Lusitania
869 1980 1097 2037 (Λυσιτανή
1115 1981 1190 2037 ¹4),
1221 1982 1294 2024 ubi
1337 1983 1483 2038 Tagus
1519 1983 1674 2027 fluvius
1712 1983 1757 2025 in
1792 1994 1908 2024 mare

279 2058 470 2097 exterum
499 2051 651 2105 influit,
677 2050 875 2094 Lusitani
904 2049 1119 2104 habitant,
1163 2064 1341 2105 quorum
1371 2051 1472 2095 urbs
1514 2052 1727 2107 quaedam
1756 2051 1909 2094 Nerco-

278 2122 396 2165 brica
427 2125 504 2165 est.
522 2122 558 2148 ¹5
588 2132 740 2174 agrum
771 2131 915 2162 eorum
945 2118 1121 2163 summis
1150 2118 1349 2163 laudibus
1373 2120 1579 2176 Polybius
1608 2120 1739 2177 effert,
1756 2121 1792 2147 ¹⁶
1812 2131 1908 2163 cum

276 2195 449 2246 propter
479 2188 645 2232 caelum
687 2191 969 2243 temperatum
1008 2192 1049 2229 et
1097 2201 1228 2243 pecus
1275 2192 1318 2231 et
1354 2188 1545 2232 homines
1588 2188 1743 2232 multos
1777 2187 1909 2230 edant

276 2264 436 2314 partus,
480 2269 618 2310 neque
661 2257 806 2311 fruges
852 2269 1039 2310 unquam
1091 2267 1210 2311 spem
1251 2256 1417 2299 fallant.
1477 2257 1647 2311 frugum
1689 2256 1820 2310 igitur
1864 2259 1907 2297 et

277 2324 526 2367 animalium
571 2324 723 2364 miram
774 2326 1077 2365 commemorat
1119 2322 1329 2365 vilitatem
1369 2324 1414 2364 in
1449 2324 1694 2376 Lusitania,
1737 2323 1906 2376 qualem

277 2394 409 2437 etiam
436 2392 481 2434 in
514 2391 658 2435 Gallia
695 2390 907 2446 cisalpina
938 2388 1125 2443 invenit,
1161 2393 1203 2432 et
1231 2389 1380 2445 simul,
1421 2391 1570 2445 quanti
1609 2391 1808 2447 singulae
1836 2404 1905 2434 res

277 2460 336 2503 ibi
366 2463 574 2512 emantur,
603 2463 788 2501 enarrat.
847 2457 978 2500 etiam
1009 2468 1120 2511 quae
1148 2469 1170 2499 e
1192 2456 1302 2499 mari
1324 2462 1469 2501 extero
1500 2459 1697 2501 Lusitani
1718 2458 1905 2514 capiant,

276 2530 404 2584 copia
429 2528 614 2570 utilitate
653 2526 969 2581 pulchritudine
1009 2525 1203 2568 omnibus
1241 2527 1373 2569 multo
1414 2531 1656 2581 praestare,
1699 2540 1809 2581 quae
1843 2525 1906 2568 in-

273 2602 439 2642 ternum
473 2609 590 2640 mare
619 2594 743 2639 ferat.
779 2594 893 2650 quod
917 2597 963 2637 ut
992 2592 1252 2638 demonstret
1279 2594 1323 2638 in
1345 2594 1596 2640 Lusitaniae
1621 2593 1905 2651 descriptione

275 2666 329 2709 de
367 2665 626 2709 submarinis
664 2663 800 2708 exteri
843 2663 974 2706 maris
1013 2662 1233 2707 arboribus
1276 2665 1443 2708 locutus
1480 2669 1556 2719 est,
1594 2664 1743 2720 quales
1773 2663 1904 2707 etiam

275 2735 579 2777 Eratosthenes
598 2737 630 2761 ¹7
662 2734 707 2775 in
732 2734 841 2774 mari
870 2733 1013 2775 Rubro
1030 2739 1343 2788 commemorat,
1372 2740 1415 2777 et
1443 2734 1598 2776 Strabo
1616 2733 1716 2775 18111
1746 2737 1904 2786 extem,

373 2862 380 2880 ¹
407 2864 461 2901 24,
485 2863 538 2892 20.
604 2858 621 2877 ‘³
651 2864 700 2899 ιο,
734 2862 789 2890 34.
856 2857 870 2878 ³
894 2862 925 2900 3,
959 2861 1013 2890 33.
1078 2857 1093 2878 ⁴
1120 2862 1151 2901 3,
1186 2862 1228 2890 24
1305 2858 1318 2879 ⁵
1344 2863 1375 2901 3,
1414 2863 1462 2890 13.
1496 2862 1526 2892 5.
1593 2858 1677 2892 ⁶11).
1743 2859 1758 2878 ⁷
1782 2862 1838 2903 21,
1872 2864 1901 2892 5.

276 2916 291 2936 ⁸
314 2919 421 2953 strab,
451 2919 523 2950 139.
571 2916 585 2936 ⁹
615 2920 667 2960 10,
693 2920 723 2950 7.
751 2920 782 2949 5.
835 2913 864 2934 ¹⁰
889 2918 921 2958 3,
949 2917 999 2949 14.
1028 2917 1057 2947 2.
1111 2914 1137 2935 ¹¹
1163 2918 1194 2959 3,
1229 2919 1260 2949 5.
1290 2919 1317 2950 1.
1344 2921 1405 2949 eet.
1458 2913 1487 2934 ¹²
1513 2917 1546 2959 3,
1582 2918 1632 2947 14.
1662 2919 1688 2948 ι.
1739 2913 1769 2936 ¹³
1791 2917 1900 2950 διαὶ).

279 2976 351 3005 162.
404 2973 431 2993 ¹⁴
460 2977 511 3015 10,
538 2977 569 3007 7.
595 2977 625 3004 5.
677 2971 706 2992 ¹⁵
734 2975 786 3015 10,
811 2975 864 3007 35.
892 2975 924 3006 2,
984 2971 1013 2992 ¹⁵
1036 2975 1090 3016 34,
1115 2975 1145 3007 8.
1171 2975 1201 3006 4.
1229 2983 1270 3005 ex
1295 2974 1419 3007 Athen.
1443 2984 1475 3014 p.
1502 2974 1576 3005 330.
1641 2972 1668 2993 ¹⁷
1692 2974 1799 3006 Strab.
1826 2976 1902 3007 766.

280 3028 309 3051 ¹⁸
330 3031 378 3064 id.
406 3033 479 3063 145.
