2168 3278
1040 97 1096 141 58

249 220 490 275 Autololes,
536 219 697 265 fiumen
725 220 954 277 Comum,
974 254 977 258 .
996 225 1151 278 gentes
1178 220 1387 266 Solatitu
1425 227 1471 267 et
1497 223 1714 279 Masatos„
1731 221 1889 268 flumen

249 288 483 343 Masathat,
524 290 688 333 flumen
713 291 867 344 Darat,
910 290 955 333 in
998 303 1081 345 quo
1123 289 1362 334 crocodilos
1392 290 1551 345 gigni.
1582 291 1703 341 ⁴dein
1744 291 1886 335 sinum

249 356 427 402 DGXVI
465 357 522 400 M.
559 371 602 413 p.
641 356 806 401 includi
846 357 1004 401 montis
1046 358 1182 400 Barce
1221 357 1512 413 promontorio
1543 362 1797 403 excurrente
1840 356 1887 400 in

249 436 464 479 occasum,
511 424 627 478 quod
670 426 917 481 appellatur
959 425 1236 470 Surrentium.
1310 429 1463 479 postea
1503 425 1679 468 flumen:
1699 425 1886 478 Salsum,

250 493 363 537 ultra
401 490 519 547 ”quod
545 492 785 548 Aethiopas
813 494 1038 549 Perorsos,
1079 506 1259 548 quorum
1296 507 1325 536 a
1355 497 1490 548 tergo
1530 492 1786 548 Pharusios,
1830 492 1885 537 iis

244 561 371 617 jungi
399 560 738 606 mediterraneos
768 562 976 607 Gaetulos
1007 562 1159 605 Daras.
1228 566 1275 605 at
1306 561 1352 605 in
1378 554 1456 605 ora
1482 560 1719 619 Aethiopas
1739 560 1884 604 Dara·
1907 554 1912 559 ’

247 629 366 684 titas,
392 628 552 672 flumen
580 631 851 684 Bambotum,
882 630 1110 674 crocodilis
1141 635 1185 674 et
1213 629 1534 686 hippopotamis
1567 631 1783 673 refertum.
1829 628 1883 673 ab

248 710 299 740 eo
328 701 497 740 montes
524 701 754 754 perpetuos
785 710 921 751 usque
939 697 996 739 ad
1014 710 1124 753 eum,
1155 711 1281 753 quem
1306 697 1456 741 Theon
1478 697 1656 741 ochema
1679 697 1883 749 dicemus,

247 764 348 808 inde
376 765 435 808 ad
464 765 800 820 promontorium
830 766 1087 820 Hesperium
1121 766 1400 821 navigatione
1446 765 1612 809 dierum
1652 778 1705 808 ac
1750 764 1880 807 nocti-

249 845 320 875 um
349 833 411 885 X;
457 833 503 875 in
534 831 678 875 medio
707 846 759 877 co
797 833 940 889 spatio
970 833 1192 878 Atlantem
1219 834 1379 878 locavit
1421 833 1575 877 ceteris
1606 833 1805 876 omnibns
1836 833 1881 875 in

247 900 450 942 extremis
477 900 767 943 Mauritaniae
797 900 1052 955 proditum.“

361 967 400 1010 7.
457 969 520 1010 Ac
550 968 734 1024 primum
778 967 949 1023 quidem
996 968 1273 1012 intervallum
1305 968 1469 1013 Plinius
1495 969 1540 1012 id
1584 970 1720 1023 affert,
1766 968 1881 1023 quod

245 1038 312 1077 est
342 1035 398 1077 ab
428 1036 603 1079 Atlante
644 1049 734 1089 suc,
764 1050 850 1079 non
877 1037 1059 1092 Polybii‚
1089 1036 1147 1079 ad
1175 1037 1343 1079 fretum.
1388 1036 1545 1080 deinde
1571 1041 1683 1079 retro
1711 1050 1739 1079 a
1769 1037 1880 1079 freto

247 1115 383 1158 usque
426 1102 483 1146 ad
520 1103 734 1148 desertum
777 1105 1043 1161 singulorum
1086 1105 1274 1149 locorum
1305 1104 1479 1149 nomina
1508 1105 1654 1150 tradit,
1714 1118 1741 1148 a
1771 1104 1879 1148 freto

244 1171 462 1225 profectus
491 1172 695 1227 Polybius
734 1173 888 1216 Lixum
926 1174 1054 1217 venit.
1097 1186 1210 1228 quae
1248 1174 1348 1216 urbs
1390 1173 1446 1215 ab
1472 1172 1698 1215 Hannonis
1717 1175 1730 1198 ¹
1771 1173 1878 1215 Lixo

246 1238 517 1294 sejungenda
547 1245 625 1294 est,
667 1242 739 1294 qui
785 1242 938 1284 fluvius
985 1246 1049 1285 est
1096 1243 1156 1292 ad
1183 1240 1353 1283 initium
1383 1240 1552 1283 deserti.
1597 1246 1695 1293 post
1725 1241 1877 1283 Lixum

248 1307 403 1362 Saguti
427 1307 546 1351 sinus
575 1312 652 1361 est,
683 1308 908 1352 Strabonis
922 1311 938 1335 ²
966 1313 1010 1351 et
1029 1308 1262 1351 Ptolemaei
1278 1309 1295 1336 ³
1313 1305 1550 1362 ἐμπορικός,
1580 1307 1694 1361 quod
1726 1320 1878 1349 nomen

245 1388 269 1417 e
302 1375 455 1429 lingna
481 1374 709 1430 phoenicia
751 1380 815 1418 est
852 1363 1032 1418 versum.
1049 1378 1067 1402 ⁴
1126 1374 1329 1430 oppidum
1353 1375 1399 1418 in
1428 1375 1715 1431 promontorio
1745 1375 1876 1417 Mule-

244 1443 373 1485 lacha
401 1443 560 1486 flumen
589 1443 730 1487 Subur
753 1443 1019 1496 (hodiernum
1041 1443 1175 1496 Sebu)
1205 1443 1278 1486 ubi
1299 1443 1399 1486 olim
1423 1443 1680 1487 Phoenicum
1708 1442 1899 1486 colonia·

244 1509 583 1567 Thymiaterium
627 1512 696 1554 vel
739 1511 1036 1567 Thymiateria
1081 1510 1271 1554 florebat.
1344 1511 1500 1554 flumen
1547 1511 1659 1554 idem
1710 1515 1775 1554 est
1825 1523 1876 1553 ac

243 1579 439 1634 Scylacis
469 1579 634 1633 Orabis,
666 1580 872 1622 Mnaseae
904 1579 1085 1622 Crathis.
1101 1581 1117 1606 ⁵
1167 1579 1328 1622 flumen
1360 1580 1495 1632 Salat,
1534 1579 1690 1622 flumen
1719 1578 1875 1621 Anatis

243 1645 440 1703 Scylacis
469 1646 643 1702 Anides,
674 1646 756 1690 205
786 1648 839 1690 M.
861 1661 903 1703 p.
929 1661 953 1689 a
983 1646 1103 1700 Lixo,
1131 1645 1215 1689 485
1240 1647 1295 1690 ab
1319 1647 1494 1690 Atlante
1516 1647 1643 1690 Plinii
1673 1646 1876 1696 (fortasse

242 1713 491 1757 hodiernum
521 1715 679 1757 flumen
709 1714 986 1766 Ommerbia).
1048 1719 1196 1771 portus
1225 1715 1407 1758 Rutubis
1444 1715 1527 1757 213
1555 1716 1608 1758 Μ.
1633 1728 1674 1770 p.
1701 1728 1729 1756 a
1752 1714 1873 1767 Lixo,

242 1782 268 1825 7
301 1781 434 1836 igitur
480 1782 535 1824 ab
576 1783 718 1825 Anati.
783 1782 1117 1837 promontorium
1155 1782 1285 1836 Solis,
1328 1782 1565 1836 Hannonis,
1581 1786 1598 1810 ⁶
1638 1780 1872 1825 Herodoti⁷

241 1849 420 1902 Soloeis,
453 1849 506 1891 de
524 1862 606 1903 quo
624 1850 718 1904 jam
747 1854 879 1904 supra
908 1849 1095 1892 diximus
1116 1849 1385 1903 (hodiernum
1405 1849 1496 1904 Cap
1515 1849 1697 1902 Cantin).
1727 1853 1873 1902 portus

241 1915 427 1958 Risadir.
479 1916 652 1959 Gaetuli
681 1915 914 1959 Autololes.
959 1916 1113 1959 fiumen
1146 1916 1348 1969 Cosenus,
1380 1916 1534 1959 flumen
1566 1916 1794 1968 Masathat,
1831 1919 1873 1957 et

241 1983 353 2026 inter
376 1988 605 2039 utrumque
633 1983 804 2028 Selatiti
836 1988 878 2028 et
907 1984 1079 2028 Masati.
1116 1984 1273 2027 flumen
1303 1984 1451 2033 Darat,
1481 1984 1526 2027 in
1557 1997 1640 2039 quo
1669 1983 1871 2027 crocodili

240 2051 487 2105 gignuntur.
538 2051 593 2094 de
622 2052 767 2094 horum
792 2052 919 2095 trium
948 2052 1168 2094 fluviorum
1198 2052 1280 2094 situ
1306 2051 1536 2106 dubitatur,
1566 2051 1755 2095 Cosenus
1775 2064 1871 2094 cum

240 2118 476 2161 Ptolemaei
508 2119 621 2161 Nuio
664 2117 906 2173 confertur,
935 2120 1049 2173 quod
1092 2119 1249 2162 flumen
1290 2118 1418 2161 hodie
1451 2119 1614 2161 Acasse
1646 2119 1715 2161 vel
1745 2119 1870 2161 Noun

238 2185 495 2240 nominatur,
522 2185 742 2229 Masathat
771 2199 867 2229 cum
897 2187 1130 2231 Ptolemaei
1165 2188 1327 2241 Massa,
1365 2187 1500 2229 Darat
1540 2191 1683 2229 autem
1713 2184 1868 2229 fluvius

239 2252 366 2296 hodie
395 2253 476 2296 Rio
507 2253 562 2295 do
593 2252 706 2296 Ouro
737 2254 949 2296 nominari
992 2259 1177 2308 putatur.
1226 2254 1307 2296 hac
1335 2253 1380 2295 in
1410 2253 1586 2308 regione
1615 2253 1671 2295 ad
1700 2252 1868 2295 initium

239 2319 396 2364 deserti
427 2321 557 2365 Plinii
588 2321 712 2364 Atlas
741 2322 964 2378 ponendus
993 2327 1072 2377 est,
1113 2321 1236 2377 cujus
1275 2321 1428 2364 ultima
1453 2321 1563 2377 juga
1597 2321 1643 2364 in
1673 2333 1868 2376 promon-

239 2388 396 2430 torium
424 2401 647 2431 excurrere
677 2393 895 2445 putantur,
941 2390 1055 2443 quod
1085 2389 1209 2431 hodie
1239 2389 1364 2430 Noun
1393 2392 1582 2431 vocatur.
1635 2388 1781 2441 itaque
1810 2386 1868 2429 ad

237 2455 406 2499 initium
439 2455 595 2499 deserti
626 2470 653 2499 a
683 2457 790 2499 freto
820 2456 903 2499 802
934 2461 1045 2499 sunt.
1075 2457 1129 2499 M.
1158 2470 1199 2510 p.
1233 2454 1364 2511 <6416
1391 2455 1669 2510 stadiorum):

411 2538 440 2567 a
463 2524 573 2567 freto
602 2523 660 2567 ad
690 2523 844 2567 Lixum
901 2522 982 2566 112
1012 2524 1069 2566 Μ.
1099 2537 1139 2579 p.
1166 2536 1219 2566 ex
1240 2522 1461 2579 Agrippae
1490 2536 1690 2566 mensura

407 2592 465 2635 ad
494 2591 670 2635 Anatim
899 2590 984 2634 205
1010 2595 1025 2693 Q

406 2659 465 2703 ad
489 2659 692 2705 Rutubim
957 2659 982 2703 7
1052 2663 1148 2707 485.

406 2728 464 2772 ad
486 2728 704 2772 Atlantem
743 2766 745 2769 .
885 2695 1025 2798 ‘4785

349 2809 388 2851 8.
440 2807 582 2863 Ipsius
612 2806 770 2851 deserti
793 2820 912 2862 vquac
932 2807 1158 2863 longitudo
1184 2807 1241 2851 sit
1265 2819 1351 2850 non
1379 2804 1574 2848 traditur.
1605 2809 1701 2861 post
1723 2805 1866 2850 deser-

330 2966 338 2985 ¹
365 2968 484 2998 Hanno
509 2967 528 3008 §
555 2970 584 2999 6.
633 2965 650 2984 ²
673 2968 781 3001 Strab.
809 2970 888 2999 825.
937 2965 951 2986 ³
977 2969 1064 2999 Ptol.
1091 2969 1167 2998 249.
1218 2965 1232 2985 ⁴
1258 2968 1386 2998 Movers
1412 2968 1443 3007 2,
1468 2969 1546 2999 541.
1595 2965 1608 2985 ⁵
1634 2967 1719 2998 Plin.
1737 2967 1793 3007 37,
1812 2967 1863 2995 11.

234 3021 249 3043 ⁸
275 3023 394 3056 nanno
418 3025 447 3055 3.
472 3024 513 3058 cf.
539 3023 624 3064 Scyl.
653 3025 715 3055 112
775 3022 790 3042 ⁷
816 3024 938 3058 Herod.
965 3025 998 3066 2,
1023 3025 1076 3058 32.
