2168 3278
1024 189 1038 213 a
1053 139 1107 186 16

261 267 379 324 apud
393 266 646 311 Strabonem
664 269 678 294 ¹
709 271 854 311 autem
882 267 926 311 ἐκ
949 268 1021 327 τῆς
1050 267 1247 326 παιδικῆς
1265 267 1506 327 μετρήσεως
1528 267 1648 313 basis
1671 267 1897 325 trianguli,

262 335 376 389 quod
409 336 669 378 construitur
709 349 764 379 ex
803 337 889 380 oris
933 336 1088 380 Italiae
1118 337 1368 392 Iberiaeque
1412 342 1455 380 et
1493 349 1549 381 ex
1587 336 1898 391 aequinoctiali

262 416 339 460 per
368 404 589 447 columnas
630 408 674 447 et
702 404 896 448 Siciliam
938 405 1080 460 ducta,
1119 404 1417 462 duodeviginti
1456 404 1580 448 milia
1620 404 1896 461 septingenta

260 472 489 526 sexaginta
515 477 718 527 quattuor
742 473 980 516 stadiorum
1009 474 1140 528 longa
1155 486 1251 517 esse
1270 474 1436 528 dicitur,
1465 486 1567 515 nam
1594 472 1763 531 Iberiae
1774 482 1898 517 oram

261 544 356 583 octo
387 540 510 583 milia
554 552 650 583 esse
690 541 807 596 dicit,
854 542 1009 585 Italiae
1051 541 1251 585 undecim
1281 539 1403 584 milia
1431 540 1620 585 ducenta
1648 540 1896 595 stadiorum,

262 608 663 664 perpendicularem
704 622 759 652 ex
804 611 964 665 angulo
1006 623 1138 666 prope
1182 609 1426 654 Narbonem
1470 609 1612 665 posito
1658 608 1717 652 ad
1754 607 1894 652 basim

260 675 469 732 trianguli
496 677 671 720 ductam
703 677 788 720 duo
815 679 948 721 milia.
1011 679 1084 733 qui
1122 689 1324 721 numerus
1352 690 1447 720 cum
1474 690 1502 720 a
1528 676 1725 720 Pliniano
1754 680 1895 719 tanto·

262 757 362 799 pere
394 745 576 800 decedit,
617 750 707 789 tum
750 746 910 801 optime
949 760 1044 789 cum
1075 746 1242 802 Polybii
1278 745 1496 790 sententia
1526 746 1736 800 convenit,
1765 758 1895 799 quam

262 812 391 856 habet
436 813 489 856 de
527 814 612 857 situ
655 827 761 862 orae¹
788 814 944 858 Italiae
987 819 1030 858 et
1057 814 1235 870 Iberiae,
1285 827 1468 870 quacum
1511 813 1641 858 etiam
1670 813 1895 857 columnae

262 880 403 937 magis
421 878 685 933 occidentem
716 894 865 926 versus
890 883 944 926 ab
970 895 1021 926 eo
1042 888 1267 939 ponuntur.
1299 896 1326 926 a
1359 882 1569 926 Strabone
1597 885 1753 937 autem,
1780 880 1895 936 quod

263 949 464 1004 Polybius
495 950 577 993 hac·
591 951 645 993 de
674 965 719 993 re
732 951 925 1004 senserit,
943 952 1023 993 tali
1040 952 1206 995 ratione
1229 952 1354 995 nobis
1381 956 1447 995 est
1468 955 1698 1004 servatum,
1725 954 1772 993 ut
1787 948 1894 992 nihil

274 1015 461 1061 dubitari
491 1017 635 1073 possit,
681 1019 783 1073 quin
814 1030 1014 1063 numerus
1045 1033 1073 1063 a
1106 1018 1244 1064 Plinio
1274 1019 1458 1063 traditus
1488 1018 1546 1063 sit
1571 1018 1720 1062 falsus.
1765 1016 1892 1061 corri-

261 1084 401 1139 gendo
444 1089 589 1128 autem
636 1099 756 1142 eum,
804 1088 917 1141 quod
963 1088 1217 1132 Gosselinus
1232 1090 1248 1114 ²
1290 1087 1406 1141 fecit,
1451 1086 1675 1131 Strabonis
1715 1098 1892 1129 numero

261 1151 444 1196 similem
472 1153 649 1198 reddere
678 1169 764 1199 non
789 1156 901 1199 licet.
953 1188 957 1194 ,

379 1220 445 1264 13.
500 1220 598 1273 Qua
632 1223 678 1266 in
712 1237 758 1266 re
794 1224 873 1268 hoc
911 1237 1078 1280 quoque
1123 1229 1188 1268 est
1218 1223 1647 1277 commemorandum,
1691 1220 1892 1276 quemad-

261 1290 435 1333 modum
451 1289 655 1347 Polybius
684 1305 711 1334 a
735 1306 782 1335 se
807 1293 899 1349 ipse
917 1292 1145 1336 dissentiat
1166 1297 1209 1336 et
1236 1292 1477 1348 pugnantia
1503 1304 1596 1335 cum
1614 1291 1690 1334 illo
1717 1302 1892 1333 numero

263 1358 381 1401 dicat
409 1358 454 1401 in
477 1358 694 1402 afferendo
727 1360 882 1415 spatiO,
912 1361 1024 1414 quod
1050 1365 1116 1403 est
1139 1361 1252 1403 inter
1272 1360 1575 1414 Carthaginem
1604 1363 1646 1402 et
1660 1350 1912 1402 columnas(

262 1426 355 1481 ipse
393 1425 506 1469 enim
550 1426 668 1481 dicit,
685 1429 702 1455 ³
748 1428 1005 1484 Lilybaeum
1037 1428 1214 1471 Siciliae
1254 1427 1587 1483 promontorium
1628 1427 1682 1470 ab
1721 1426 1892 1471 Africae

261 1494 561 1550 promontoriis
602 1495 852 1550 Carthagini
888 1495 1190 1551 adjacentibus
1227 1496 1346 1539 mille
1385 1496 1538 1539 abesse
1579 1494 1736 1539 stadia.
1794 1493 1892 1548 ipsa

262 1565 403 1604 autem
436 1561 652 1617 Carthago
694 1576 721 1605 a
761 1564 972 1607 columnis
1005 1564 1116 1607 1100
1146 1564 1201 1607 M.
1232 1577 1273 1619 p·
1306 1563 1438 1618 (8800
1466 1562 1728 1616 stadiorum)
1754 1561 1891 1614 abest,

262 1634 309 1673 ut
339 1643 393 1673 ex
423 1630 517 1686 ipso
545 1630 722 1687 Polybio
751 1631 913 1676 Plinius
927 1635 945 1660 ⁴
974 1631 1119 1675 tradit.
1149 1631 1241 1675 fieri
1271 1631 1407 1686 igitur
1434 1631 1553 1674 nullo
1583 1630 1710 1674 modo
1739 1628 1890 1685 potuit,

261 1702 308 1740 ut
338 1698 593 1754 Lilybaeum
619 1699 735 1742 mille
764 1700 909 1743 stadia
938 1700 1109 1743 abesset
1139 1713 1167 1742 a
1188 1699 1487 1755 promontoriis
1513 1698 1599 1741 illis
1629 1710 1762 1754 prope
1789 1697 1890 1741 Car·

260 1765 481 1820 thaginem
520 1766 567 1809 in
610 1780 728 1809 mare
770 1768 1113 1822 excurrentibus,
1155 1767 1240 1811 nisi
1284 1767 1395 1810 inter
1434 1766 1627 1811 Siciliam
1671 1765 1807 1817 etiam*
1846 1768 1890 1807 et

261 1833 483 1876 columnas
501 1833 590 1876 tale
607 1839 721 1877 esset
742 1834 1016 1878 intervallum
1034 1840 1271 1891 acceptum,
1292 1835 1418 1889 quale
1441 1833 1664 1890 Polybium
1689 1832 1889 1876 habuisse

261 1901 423 1944 Plinius
453 1901 569 1955 dicit,
613 1915 710 1945 cum
758 1916 812 1946 ex
841 1903 1065 1947 Strabonis
1106 1916 1281 1946 numero
1309 1903 1561 1960 Lilybaeum
1589 1900 1721 1943 multo
1748 1899 1889 1954 magis

263 1969 470 2011 orientem
515 1982 663 2013 versus
710 1985 737 2013 a
777 1971 1051 2025 Carthaginis
1088 1970 1386 2026 promontoriis
1429 1974 1541 2013 esset
1576 1966 1887 2012 collocandum.

262 2041 408 2079 tamen
439 2036 662 2080 Strabonis
691 2052 892 2082 numerus
917 2038 1164 2082 retinendus
1193 2042 1259 2082 est
1283 2042 1326 2081 et
1338 2037 1468 2082 Plinii
1498 2035 1768 2093 rejiciendus,
1791 2047 1889 2080 cum

261 2104 393 2146 etiam
417 2103 506 2146 alia
535 2104 589 2147 de
621 2119 754 2149 causa
783 2106 907 2150 Plinii
938 2119 1161 2150 numerum
1191 2106 1348 2149 falsum
1370 2119 1465 2149 esse
1490 2105 1637 2148 videre
1662 2104 1887 2159 possimus.

262 2181 361 2214 nam
408 2186 504 2215 cum
549 2172 703 2226 19,523
748 2175 984 2218 stadiorum
1028 2189 1057 2218 a
1100 2174 1309 2218 columnis
1362 2174 1419 2217 ad
1460 2173 1611 2229 Syriae
1651 2171 1888 2216 Seleuciam

263 2238 448 2281 Pieriam
481 2239 673 2296 dixisset,
718 2255 772 2285 ex
816 2243 967 2287 eodem
995 2243 1172 2299 Polybio
1213 2256 1240 2285 a
1282 2241 1490 2285 columnis
1534 2238 1592 2283 ad
1635 2239 1887 2296 canopicum

260 2306 347 2347 Nili
377 2308 531 2349 ostium
561 2307 718 2361 21‚500
741 2311 975 2354 stadiorum
994 2324 1089 2354 esse
1107 2310 1252 2364 tradit,
1269 2313 1287 2338 5
1313 2310 1388 2363 qui
1411 2320 1609 2351 numerus
1626 2309 1888 2364 quantopere

260 2387 355 2416 cum
386 2373 459 2417 illo
489 2381 663 2432 pugnet„
708 2391 833 2421 nemo
870 2382 935 2421 est
966 2378 1068 2432 quin
1108 2377 1344 2431 intellegat.
1402 2375 1613 2420 dissensio
1635 2388 1780 2419 eorum
1807 2374 1886 2417 tali

259 2442 444 2485 fortasse
472 2443 638 2486 ratione
667 2444 989 2501 interpretanda
1024 2449 1102 2500 est,
1143 2450 1191 2488 ut
1220 2444 1443 2501 Polybium
1482 2444 1680 2499 singulas
1720 2447 1887 2487 tantum

258 2592 387 2623 octonis
411 2592 574 2631 adjecisse
599 2597 729 2624 constet
777 2594 897 2635 (Strab.
923 2595 995 2635 Vll,
1033 2597 1062 2627 7.
1086 2605 1118 2636 p.
1145 2596 1219 2626 322.
1246 2596 1327 2636 epit.
1353 2595 1460 2626 Strab.
1486 2603 1584 2626 cram.
1610 2594 1641 2633 7,
1667 2593 1720 2624 57.
1745 2600 1778 2632 P.
1804 2591 1884 2631 90,),

259 2657 335 2678 nam
360 2652 448 2680 recte
474 2650 618 2681 Ukertus
652 2650 737 2681 vidit
767 2650 838 2683 Pol.
872 2652 904 2691 3,
938 2651 980 2681 39
1010 2648 1122 2682 ταῦτα
1152 2647 1221 2695 γὰρ
1256 2649 1324 2682 νῦν
1354 2646 1615 2693 βεβημάτισται
1646 2648 1705 2678 καὶ
1729 2650 1884 2689 σεσημεί-

258 2713 348 2735 ωται
371 2701 462 2736 κατὰ
486 2702 647 2740 σταδίους
664 2702 759 2738 ὀκτώ
784 2702 841 2738 διὰ
862 2703 1058 2748 ζΡωμαίων
1082 2704 1265 2749 ἐπιμελῶς,
1290 2707 1537 2749 interpolatoris
1554 2714 1637 2746 esse,
1660 2714 1726 2736 non
1739 2706 1884 2748 Polybii.

257 2761 314 2791 sed
349 2771 414 2792 non
451 2763 673 2794 dubitandum
704 2768 765 2805 est,
805 2765 887 2804 quin
913 2765 1044 2795 Plinius
1075 2766 1109 2795 in
1141 2767 1277 2796 calculis
1310 2766 1380 2795 suis
1413 2764 1475 2794 hoc
1506 2771 1573 2792 non
1599 2763 1792 2804 respexerit,
1826 2763 1885 2794 sed

258 2817 408 2848 omnium
433 2818 596 2850 rationem
620 2823 757 2851 secutus
784 2823 903 2851 octona
927 2820 1035 2851 stadia
1071 2822 1324 2862 computaverit.
1372 2820 1409 2850 in
1432 2817 1631 2850 reducendis
1650 2822 1760 2849 autem
1783 2818 1885 2861 Poly-

257 2874 366 2906 bianis
391 2875 528 2906 milibus
554 2875 595 2906 ad
621 2876 730 2908 stadia
755 2877 855 2908 tertia
879 2886 955 2917 pars
981 2878 1109 2909 octonis
1134 2881 1184 2908 est
1207 2874 1409 2915 adjicienda,

355 3008 364 3028 ¹
390 3011 496 3042 Strab.
522 3021 554 3052 p.
585 3013 657 3045 105.
715 3011 730 3030 ²
753 3012 943 3044 recherches
967 3013 1010 3044 11.
1070 3010 1083 3031 ³
1112 3015 1140 3052 l,
1165 3012 1221 3042 42.
1280 3008 1295 3028 ⁴
1320 3011 1407 3042 Plin.
1432 3013 1463 3051 5,
1495 3012 1551 3042 40.
1610 3010 1624 3030 ⁵
1650 3011 1736 3044 Pliu.
1762 3013 1794 3051 5,
1827 3011 1881 3044 26.

258 3070 289 3111 5,
316 3070 346 3101 7.
373 3070 427 3099 ιο.
