2168 3278
984 140 988 144 -
1056 113 1085 156 4

254 233 491 278 ditionibus
521 239 565 279 et
591 235 772 291 imperio
802 236 910 281 Asia
937 236 1159 292 patefacta
1186 236 1256 290 sit,
1296 237 1360 280 ita
1387 238 1677 284 Bomamrnm
1705 237 1884 294 imperio

252 300 343 344 fere
381 314 528 345 omnes
557 302 755 358 regiones
795 307 839 347 et
866 307 982 348 terra
1021 308 1064 348 et
1092 303 1201 347 mari
1230 303 1311 348 iter
1346 303 1606 350 facientibus
1633 304 1799 362 patere,
1832 307 1885 350 ‘et

252 371 543 415 necessarium
586 384 693 427 esse,
736 372 791 416 de
821 372 981 427 ignotis
1025 377 1154 417 antea
1199 372 1378 418 meliora
1416 386 1675 429 cognoscere
1714 373 1885 417 studere

253 442 382 493 atque
426 441 608 485 veriora.
626 443 640 468 ¹
692 441 839 496 itaque
879 442 925 486 id
954 441 1242 486 contendebat
1280 455 1450 499 semper
1481 447 1612 497 atque
1646 441 1883 495 laborabat,

251 510 299 548 ut
319 508 478 562 ubique
495 509 585 551 suis
609 508 704 562 ipse
729 511 864 553 oculis
888 510 1064 564 videret,
1081 523 1190 564 quae
1204 510 1369 565 priores
1391 511 1438 553 in
1460 510 1592 554 dubio
1613 510 1884 564 reliquissent

251 581 294 617 et
318 575 373 618 de
388 576 544 636 quibus
566 577 690 620 varia
707 578 989 632 nuntiassent,
1018 584 1093 622 aut
1114 578 1159 620 in
1175 578 1330 632 quibus
1346 577 1638 622 describendis
1662 585 1884 634 poetarum

252 643 320 686 usi
348 643 469 687 libris
504 645 890 700 miraculorumque
926 645 1068 689 studio
1098 645 1290 699 adducti,
1319 646 1364 694 in
1388 658 1578 690 summas
1605 646 1792 703 ineptias
1818 645 1881 688 in-

252 710 472 766 cidissent,
502 713 618 767 quod
648 714 701 756 de
729 715 922 770 Alpibus,
962 714 1016 757 de
1047 714 1163 757 Pado
1192 714 1335 768 fluvio,
1376 714 1430 757 de
1458 714 1607 758 intimo
1639 713 1880 760 Hadriatici

251 780 385 824 maris
414 793 599 835 recessu,
627 782 814 826 maxime
842 787 986 826 autem
1019 782 1073 825 de
1103 786 1249 826 extero
1274 783 1384 826 mari
1414 783 1641 837 evenisset.
1657 784 1674 810 2

366 848 404 891 7.
469 848 563 901 Quo
607 850 750 893 stirdio
799 851 1008 907 impulsus
1049 854 1138 894 tam
1182 850 1417 906 longinqua
1473 851 1630 895 itinera
1682 850 1882 906 suscepit,

252 918 401 971 qualia
432 918 486 962 de
513 920 743 975 perpaucis
760 924 927 962 tantum
944 933 1084 964 rerum
1106 918 1384 973 scriptoribus
1408 924 1452 963 et
1468 919 1728 976 geographis
1753 918 1883 962 totius

251 985 523 1040 antiquitatis
553 987 676 1029 nobis
705 987 868 1029 tradita
898 991 1010 1042 sunt,
1048 987 1202 1041 quibus
1238 987 1464 1032 itineribus
1502 992 1669 1031 tantam
1698 987 1881 1041 gloriam

250 1058 503 1097 consecutus
518 1058 596 1109 est,
619 1058 665 1097 ut
682 1055 826 1110 patria
844 1055 938 1110 eJus
953 1055 1067 1110 urbs,
1097 1054 1151 1098 de
1176 1067 1262 1110 qua
1285 1055 1445 1112 optime
1463 1058 1685 1109 meruerat,
1713 1058 1882 1098 statuae

252 1121 428 1176 Polybio
448 1122 612 1176 positae
630 1136 726 1165 cum
742 1123 831 1165 alia
850 1123 1162 1178 subscripserit,
1189 1127 1280 1166 tum
1304 1127 1440 1166 totam
1463 1136 1559 1166 eum
1581 1127 1738 1165 terram
1754 1125 1882 1175 atque

250 1187 395 1231 omnia
439 1189 580 1232 maria
626 1194 909 1246 pervagatum
950 1203 1056 1235 esse.
1073 1192 1089 1218 ³
1155 1203 1240 1245 quo
1283 1194 1473 1245 tempore
1511 1189 1714 1247 Polybius
1757 1192 1882 1233 tanta

250 1256 407 1299 itinera
451 1258 699 1312 perfecerit,
755 1259 908 1313 quibus
949 1273 1025 1314 per
1063 1259 1293 1303 nonnullos
1334 1263 1452 1302 certe
1492 1272 1631 1303 annos
1667 1258 1814 1314 procul
1854 1271 1881 1300 a

249 1324 394 1377 patria
425 1329 615 1369 retentus
662 1331 739 1380 est,
781 1340 876 1370 cum
924 1327 998 1369 diu
1038 1327 1083 1370 in
1129 1327 1259 1370 dubio
1289 1326 1452 1381 fuisset,
1497 1327 1688 1371 Nissenii
1716 1340 1881 1370 summa

250 1391 447 1435 doctrina
475 1393 637 1436 factum
668 1398 745 1448 est,
787 1399 833 1437 ut
871 1394 1054 1449 plurima
1087 1408 1201 1439 nunc
1225 1395 1461 1450 explanata
1490 1394 1588 1437 sint.
1604 1396 1623 1423 ⁴
1679 1394 1881 1450 Polybius

250 1459 363 1501 enim
391 1460 488 1515 plus
513 1461 660 1504 decem
693 1467 735 1504 et
775 1466 937 1518 septem
962 1476 1099 1505 annos
1132 1476 1229 1506 cum
1258 1463 1410 1505 ceteris
1438 1462 1624 1506 Achaeis
1655 1475 1710 1505 ex
1737 1462 1881 1517 patria

249 1527 486 1581 deportatis
525 1529 570 1571 in
598 1529 728 1572 Italia
758 1530 1011 1573 commorari
1041 1535 1216 1573 coactus
1243 1534 1321 1584 est,
1360 1542 1471 1583 quae
1513 1534 1639 1585 terra,
1684 1530 1881 1583 quamvis

248 1595 644 1651 potentissimorum
701 1598 916 1642 fautorum
963 1598 1262 1642 benevolentia
1306 1598 1485 1655 Polybio
1527 1598 1665 1655 major
1706 1597 1881 1655 libertas

249 1662 455 1708 concessa
484 1670 609 1720 esset,
657 1670 704 1709 ut
740 1667 838 1723 ipsa
873 1669 1010 1710 Roma
1039 1666 1234 1710 habitare
1262 1671 1420 1722 posset,
1463 1671 1683 1721 totamque
1709 1665 1882 1709 Italiam

249 1732 411 1787 optime
442 1745 713 1789 cognoscere,
738 1738 884 1778 tamen
913 1739 959 1777 ut
988 1738 1222 1778 ceterorum
1254 1733 1533 1789 Achaeorum,
1563 1734 1693 1778 etiam
1715 1734 1880 1790 Polybii

252 1800 379 1854 quasi
407 1814 554 1844 carcer
586 1806 692 1856 erat,
720 1815 773 1845 ex
811 1816 894 1856 quo
921 1802 1056 1846 invito
1087 1806 1240 1846 senatu
1268 1815 1393 1846 nemo
1421 1802 1538 1846 exire
1568 1806 1745 1858 poterat.
1794 1802 1885 1858 ipse

250 1872 395 1911 autem
425 1868 642 1923 Polybius,
672 1882 719 1912 se
747 1870 875 1912 simul
900 1883 995 1912 cum
1021 1869 1221 1923 Scipione
1239 1869 1480 1913 Aemiliano
1510 1870 1732 1913 Massiliae
1748 1869 1882 1913 fuisse

249 1935 425 1989 tradit,⁵
455 1935 585 1977 etiam
617 1936 671 1978 de
700 1937 959 1979 Hannibalis
989 1937 1178 1979 moribus
1208 1937 1412 1991 dicturus,
1440 1950 1489 1979 se
1518 1937 1572 1979 de
1601 1938 1665 1980 eis
1695 1938 1751 1980 ab
1776 1938 1881 1993 ipsis

249 2002 678 2057 Carthaginiensibus
709 2005 929 2048 certiorem
957 2006 1117 2049 factum
1148 2017 1254 2059 esse,
1293 2009 1335 2048 et
1366 2004 1499 2055 addit,
1544 2004 1721 2064 „audivi
1750 2004 1881 2048 etiam

248 2083 302 2113 ex
329 2071 626 2114 Massinissa“.
643 2075 660 2099 ⁶
706 2071 931 2116 Nissenius
961 2073 1134 2130 primus,
1175 2085 1259 2127 quo
1288 2076 1476 2129 tempore
1505 2072 1708 2128 Polybius
1732 2073 1879 2118 Massi-

245 2139 411 2182 nissam
450 2139 627 2194 viderit,
676 2145 790 2182 recte
831 2141 995 2183 statuit.
1066 2155 1161 2184 cum
1200 2141 1313 2184 enim
1344 2140 1504 2184 Achaei
1544 2146 1726 2185 exeunte
1768 2154 1882 2185 anno

247 2208 479 2251 centesimo
497 2209 852 2263 quinquagesimo
879 2223 919 2252 a.
948 2210 1042 2253 Chr.
1063 2224 1103 2252 n.
1126 2210 1170 2252 in
1196 2209 1382 2264 patriam
1408 2209 1574 2252 dimissi
1591 2214 1745 2263 essent,
1760 2210 1880 2253 initio

247 2276 465 2330 sequentis
495 2275 599 2319 anni
628 2276 831 2332 Polybius
861 2277 904 2320 in
932 2277 1118 2321 Graecia
1147 2277 1241 2331 fuit,
1256 2280 1272 2306 ⁷
1303 2277 1560 2322 Massinissa
1577 2281 1719 2321 autem
1745 2277 1880 2321 hieme

247 2344 350 2385 anni
368 2343 592 2386 centesimi
619 2344 939 2399 quadragesimi
959 2347 1061 2388 noni
1090 2346 1148 2388 ad
1173 2350 1371 2388 octavum
1388 2350 1564 2388 mortem
1581 2345 1698 2387 obiit.
1721 2346 1881 2401 Scipio-

246 2424 344 2454 nem
372 2415 516 2454 autem
546 2416 689 2465 antea,
720 2426 834 2455 anno
865 2412 1095 2456 centesimo
1125 2413 1482 2468 quinquagesimo
1512 2426 1566 2455 ex
1594 2413 1808 2469 Hispania
1836 2413 1880 2456 in

244 2479 436 2521 Africam
459 2481 640 2534 venisse,
688 2485 733 2523 ut
763 2481 1012 2535 elephantos
1037 2485 1214 2537 peteret,
1260 2485 1439 2535 constat,
1456 2482 1473 2508 ⁸
1511 2494 1648 2535 neque
1677 2481 1880 2538 Polybius

246 2547 358 2589 illius
383 2560 526 2589 comes
551 2552 679 2601 atque
704 2549 869 2590 amicus
892 2549 978 2591 alio
1002 2553 1191 2605 tempore
1209 2562 1260 2591 eo
1275 2549 1501 2604 pervenire
1521 2549 1671 2604 potuit.
1704 2549 1880 2605 Polybio

244 2615 358 2658 enim
385 2629 481 2659 cum
507 2616 708 2672 Scipione
731 2621 856 2660 tanta
886 2617 967 2659 fuit
1001 2616 1193 2660 amicitia
1224 2621 1354 2672 atque
1385 2616 1673 2672 familiaritas,
1716 2620 1764 2660 ut
1795 2631 1880 2661 non

244 2684 381 2726 solum
424 2684 470 2725 in
498 2684 629 2728 Italia
671 2688 714 2727 et
761 2685 804 2726 in
850 2684 1036 2729 Graecia
1077 2698 1130 2728 ea
1167 2686 1423 2741 pervulgata
1462 2689 1587 2740 esset,
1631 2685 1708 2728 sed
1750 2686 1878 2729 etiam

243 2750 538 2795 remotioribus
576 2752 621 2794 in
652 2752 775 2796 terris
815 2756 930 2795 nota.
949 2754 967 2777 ⁹
1014 2757 1128 2796 recte
1174 2753 1305 2807 igitur
1335 2752 1538 2809 Polybius
1580 2756 1753 2808 putatur
1782 2766 1878 2799 cum

340 2869 348 2889 ¹
376 2872 406 2910 3,
432 2874 485 2904 59.
514 2874 543 2903 3.
570 2875 602 2914 4,
629 2875 681 2905 40.
708 2875 738 2905 2.
788 2872 804 2890 ²
830 2875 861 2915 3,
887 2875 939 2906 57.
968 2876 998 2906 3.
1023 2876 1079 2916 47,
1106 2876 1136 2911 6.
1186 2872 1199 2893 ³
1223 2875 1364 2907 Pausan.
1392 2875 1423 2914 8,
1448 2876 1502 2908 30.
1527 2875 1558 2907 4.
1608 2868 1741 2916 ἐλεγεῖα
1765 2892 1803 2898 -
1833 2872 1880 2908 ὡς

242 2926 300 2958 ἐπὶ
318 2925 387 2970 γῆν
410 2928 469 2958 καὶ
492 2925 687 2961 θάλασσαν
711 2928 833 2962 πᾶσαν
860 2926 1074 2971 πλανηθείη.
1124 2929 1137 2950 ⁴
1155 2932 1272 2963 Nissen
1299 2932 1332 2961 in
1356 2931 1442 2964 Mus.
1461 2931 1564 2962 Rhen.
1580 2931 1635 2973 26,
1659 2941 1692 2972 p.
1710 2932 1878 2965 241-82,

241 2983 257 3051 Ξ
283 2986 391 3020 Strab,
418 2987 451 3027 4,
477 2995 508 3026 p.
541 2988 612 3019 190.
664 2985 678 3006 ⁶
704 2990 736 3028 9,
762 2989 813 3020 25.
867 2986 881 3005 ⁷
906 2989 960 3028 227,
987 2989 1016 3018 3.
1067 2987 1082 3008 ⁸
1106 2990 1251 3031 Appian.
1277 2989 1362 3021 lber.
1388 2989 1441 3021 71.
1468 2988 1508 3019 cf.
1535 2986 1602 3019 Cic.
1629 2988 1669 3019 de
1695 2997 1764 3030 rep.
1791 2990 1823 3030 6,
1847 2988 1881 3023 9,

280 3044 334 3084 32,
361 3045 390 3076 9,
