2168 3278
1049 117 1102 172 12

256 253 371 293 recte
395 242 491 307 jam
522 262 550 294 a
580 243 810 295 Posidonio
837 249 1017 307 rejecta,
1033 251 1048 276 ¹
1080 260 1174 293 cum
1203 242 1486 295 mutabilibus
1509 242 1667 296 finibus
1693 242 1890 295 immas·

256 317 361 359 bilia
386 329 473 359 non
498 318 585 360 sint
613 318 901 360 terminanda.
954 329 1054 359 nam
1091 315 1277 359 arcticus
1317 315 1520 360 diversus
1545 321 1611 361 est
1642 329 1720 374 pro
1749 316 1890 374 quus-

257 396 339 438 que
381 378 650 429 observantis
692 385 800 440 loco,
839 383 1043 442 Polybius
1081 387 1230 428 autem
1272 382 1582 443 descriptiones
1624 398 1728 429 suas
1746 398 1750 405 “
1770 384 1889 438 facit,

254 450 365 494 sieut
409 451 456 494 in
504 443 902 496 circumscribendi&
945 452 1128 508 singulis
1171 452 1288 495 orbis
1323 456 1537 495 terrarum
1581 446 1790 508 partibus,
1833 451 1888 494 ab

256 519 561 572 aequinoctiali
593 520 670 564 illa
700 534 776 576 per
803 520 1025 563 columnas
1050 519 1254 567 Herculis,
1275 518 1557 574 Rhodumque
1585 519 1726 562 ducta.
1756 517 1900 573 quare'

256 599 353 629 cum
388 587 645 631 Posidonius
685 588 845 642 aliique
877 600 973 631 eum
1020 587 1381 642 vituperaverunt,
1427 590 1517 629 tum
1558 599 1694 640 usque
1723 585 1781 629 ad
1809 585 1888 628 hoc

254 657 425 709 tempus
468 656 670 697 omnium·
696 655 793 697 libri
835 660 934 698 sunt
960 653 1077 710 pleni
1113 653 1439 697 accusationum
1464 655 1510 697 in
1537 653 1761 711 Polybium
1789 663 1887 696 con-

249 721 474 775 Jectarum.
531 723 599 765 hic
627 729 769 765 autem
797 723 1038 776 legentibus
1075 735 1234 764 morem
1261 734 1416 776 gerens
1446 722 1717 776 antiquorum
1747 732 1887 762 rerum

254 787 505 845 scriptorum
532 803 655 832 usum
679 797 850 833 secutus
873 793 951 845 est,
973 802 1111 844 neque
1125 801 1237 844 quae
1251 793 1341 833 tum
1369 789 1626 834 recentiores
1655 787 1888 832 astronomi

255 862 298 898 et
320 857 613 914 mathematici
636 857 959 911 constituerant,
990 857 1192 912 respexit,
1223 871 1320 900 cum
1345 871 1481 916 unum
1500 869 1639 911 neque
1656 856 1702 898 id
1722 854 1887 899 levissi-

253 937 369 967 mum
406 939 435 968 a
465 924 629 982 Pythea
670 931 783 970 esset
824 925 1073 980 profectum,
1120 939 1246 979 quem
1290 926 1427 969 virum
1473 924 1596 980 quasi
1637 923 1887 967 mendacem

255 994 567 1036 contemnebat.
638 994 732 1036 sine
776 994 906 1036 dubio
938 993 1156 1049 Polybius,
1203 1006 1298 1036 cum
1345 1003 1482 1037 terrae
1518 991 1772 1035 divisionem
1811 1002 1888 1046 per

252 1060 488 1112 parallelas
518 1061 826 1114 aequinoctiali
850 1064 893 1103 et
920 1074 997 1116 per
1021 1060 1299 1115 meridianas,
1327 1073 1354 1102 a
1374 1059 1636 1102 Dicaearcho
1658 1058 1886 1113 inceptam,

253 1126 309 1170 ab
337 1127 621 1172 Eratosthene
650 1132 886 1172 correctam
923 1133 1053 1183 atque
1092 1127 1401 1183 amplificatam
1418 1164 1422 1173 ,
1440 1141 1526 1171 non
1564 1125 1790 1182 acciperet,
1828 1125 1886 1168 le-

252 1196 453 1248 gentibus
485 1197 670 1250 putabat
696 1197 960 1239 intellectum
991 1209 1038 1239 se
1066 1196 1360 1252 praebiturum
1389 1195 1639 1250 faciliorem,
1667 1193 1786 1249 quali
1815 1193 1885 1236 de-

252 1262 429 1305 finiendi
457 1263 624 1306 ratione
647 1264 742 1319 jam
767 1264 962 1320 Ephorus
978 1267 994 1291 2
1031 1268 1075 1307 et
1114 1264 1414 1308 Timosthenes
1432 1267 1449 1291 ³
1485 1268 1585 1307 sunt
1613 1263 1695 1317 usi,
1733 1262 1887 1317 cuique

253 1330 438 1373 similem
469 1332 601 1374 etiam
630 1335 783 1387 postea
812 1332 930 1388 apud
953 1332 1226 1386 Posidonium
1256 1332 1509 1376 invenimus.
1524 1334 1542 1359 ⁴

366 1398 405 1440 6.
464 1399 585 1442 Haec
608 1399 740 1455 igitur
765 1400 897 1443 totius
924 1404 1064 1442 terrae
1090 1412 1193 1455 pars
1222 1399 1335 1442 inter
1360 1400 1570 1455 tropicum
1602 1404 1645 1442 et
1679 1399 1885 1442 arcticum

252 1465 456 1509 circulum
500 1467 598 1522 sita,
642 1473 758 1511 terra
802 1472 868 1511 est
906 1482 933 1510 a
962 1467 1086 1510 nobis
1123 1467 1330 1522 habitata,
1374 1481 1485 1521 quae
1528 1472 1693 1521 quanta
1734 1467 1791 1509 sit
1831 1479 1886 1509 ex

250 1533 430 1588 Polybio
460 1534 634 1588 quidem
663 1535 749 1578 non
793 1540 858 1578 est
899 1535 1118 1577 traditum.
1172 1535 1249 1578 sed
1279 1535 1478 1579 dubitare
1522 1548 1607 1578 non
1645 1545 1885 1591 possumus,

250 1601 354 1654 quin
385 1602 437 1643 de
461 1606 697 1644 ceterorum
715 1603 1067 1657 geographorum
1093 1603 1307 1646 sententia
1330 1615 1416 1645 non
1438 1602 1682 1656 decesserit,
1707 1614 1885 1656 quorum

250 1668 412 1723 primus
442 1670 743 1712 Democritus⁵
773 1670 1009 1724 longiorem
1049 1682 1147 1712 eam
1184 1683 1291 1724 esse,
1322 1684 1451 1725 quam
1482 1669 1677 1713 latiorem
1704 1668 1884 1725 putabat

250 1741 293 1779 et
332 1737 457 1791 quus
499 1737 814 1792 longitudinem
844 1738 1148 1781 Eratosthenes
1194 1739 1291 1793 plus
1336 1751 1431 1781 esse
1471 1738 1602 1792 duplo
1643 1735 1885 1780 latitudinis

248 1805 425 1848 invenit.
442 1808 458 1834 ⁶
488 1806 780 1849 Dicaearchus
796 1807 813 1831 ⁷
841 1810 986 1848 autem
1006 1805 1168 1860 primus
1197 1806 1315 1848 linea
1344 1805 1649 1860 aequinoctiali
1674 1803 1885 1860 parallela

251 1878 294 1916 et
323 1887 399 1927 per
427 1874 648 1916 columnas
676 1874 875 1916 Herculis
905 1874 964 1916 ad
989 1873 1242 1916 orientalem
1259 1873 1401 1916 -Asiae
1431 1873 1559 1916 finem
1588 1873 1720 1916 ducta
1747 1875 1883 1915 totam

254 1940 365 1984 hanc
386 1945 543 1993 terram
567 1940 844 1984 habitabilem
865 1942 911 1984 in
926 1940 1303 1996 septentrionalem
1319 1945 1485 1997 partem
1502 1946 1546 1984 et
1561 1940 1883 1985 meridionalem

252 2008 445 2052 dividere
469 2011 562 2051 erat
594 2012 786 2063 conatus,
819 2013 904 2052 tres
928 2013 1074 2052 autem
1103 2008 1202 2052 illas
1229 2009 1343 2052 orbis
1373 2013 1580 2053 terrarum
1607 2013 1754 2065 partes
1774 2007 1882 2052 anti-

251 2076 395 2130 quitus
425 2076 611 2118 traditas
634 2090 746 2119 nova
768 2077 847 2120 hac
875 2078 1108 2133 partitione
1128 2077 1277 2120 tollere
1293 2076 1387 2132 jam
1404 2091 1489 2120 non
1503 2077 1655 2132 potuit,
1687 2076 1882 2131 quamvis

249 2144 380 2187 etiam
406 2143 710 2187 Eratosthenes
743 2145 843 2189 illas
875 2145 1001 2200 quasi
1031 2145 1124 2188 sine
1153 2158 1288 2189 causa
1325 2150 1368 2188 et
1406 2145 1573 2188 ratione
1606 2145 1747 2188 factas
1773 2143 1880 2187 vitu-

248 2217 418 2267 peraret
445 2215 488 2254 et
517 2213 691 2255 omnino
721 2214 928 2270 rejiceret,
960 2214 1089 2268 quod,
1120 2227 1217 2257 cum
1239 2218 1354 2257 terra
1375 2227 1462 2257 una
1483 2217 1608 2267 esset,
1634 2213 1726 2268 jam
1750 2212 1882 2255 Hero·

248 2280 374 2322 dotus
397 2281 571 2323 fecerat.
588 2282 605 2306 ⁸
634 2294 816 2335 quarum
842 2282 955 2325 orbis
972 2286 1183 2325 terrarum
1200 2281 1386 2338 partium
1408 2281 1541 2324 etiam
1557 2281 1651 2337 ipse
1679 2292 1881 2324 numerus

249 2350 324 2393 diu
354 2354 448 2392 erat
479 2353 788 2403 controversus,
833 2363 973 2403 neque
1017 2351 1092 2404 qui
1133 2350 1239 2392 fines
1279 2363 1425 2393 earum
1453 2354 1608 2402 essent,
1646 2349 1755 2392 satis
1783 2362 1881 2391 con·

249 2419 405 2460 stabat.
472 2419 607 2461 dones
624 2420 640 2443 ⁹
686 2417 799 2459 enim
812 2450 825 2472 ,
870 2431 966 2461 cum
1009 2419 1120 2461 duas
1170 2430 1263 2460 esse
1307 2420 1453 2473 partes
1488 2416 1563 2459 alii
1601 2415 1880 2470 censuissent,

249 2484 629 2541 septentrionalem
665 2486 897 2541 Europam,
940 2484 1265 2529 meridionalem
1294 2483 1445 2528 Asiam
1487 2497 1583 2527 cum
1606 2482 1767 2538 Africa,
1796 2487 1882 2527 tres

249 2557 517 2608 acceperant,
549 2565 662 2607 quae
694 2553 985 2597 controversia
1015 2553 1200 2607 denique
1226 2552 1397 2607 vulgari
1425 2552 1502 2595 illa
1530 2550 1729 2607 opinione
1759 2551 1882 2595 finita

248 2624 326 2676 est,
357 2633 442 2675 qua
464 2621 671 2665 Maeotim
701 2626 746 2665 et
763 2621 945 2665 Tanaim
963 2622 1163 2678 Europae
1188 2627 1231 2664 et
1248 2620 1382 2665 Asiae
1404 2619 1511 2662 fines
1533 2633 1628 2663 esse
1650 2620 1704 2663 ab
1721 2621 1883 2663 oriente

345 2828 354 2847 ι
380 2829 487 2864 strab,
514 2839 546 2870 p.
573 2830 651 2860 97:.
673 2833 748 2860 τοῖς
780 2827 1045 2868 μεταπίπτουσι
1070 2830 1226 2870 σημείοις
1259 2825 1324 2867 οὐχ
1355 2826 1521 2874 ὁριστέον
1556 2824 1602 2859 τὰ
1638 2823 1880 2869 ἀμετάπτωτα

250 2887 292 2922 ef.
317 2895 351 2927 Ρ.
379 2887 452 2918 108.
500 2884 516 2902 ²
542 2885 673 2925 Fragm.
700 2886 754 2917 38.
788 2885 839 2916 ed.
875 2884 912 2917 C.
937 2885 1080 2917 Mueller
1105 2896 1146 2918 ex
1170 2886 1290 2919 Gosma
1315 2887 1446 2928 lndopl.
1476 2896 1510 2927 Ρ.
1538 2887 1612 2919 148.
1644 2887 1780 2927 Scymni
1804 2884 1880 2918 chit

248 2954 278 2978 v.
309 2945 385 2976 169.
434 2943 576 2975 Mueller
600 2951 711 2982 geogr.
741 2943 822 2975 min.
849 2944 864 2974 1
897 2953 928 2984 p.
954 2944 1031 2976 201.
1079 2944 1190 2978 strab.
1214 2954 1247 2985 p.
1273 2945 1326 2975 34.
1376 2942 1390 2963 ³
1415 2944 1587 2985 Agathem.
1615 2945 1646 2978 7.
1695 2941 1711 2964 ⁴
1734 2943 1820 2975 Plin.
1847 2942 1880 2983 6,

249 3001 306 3035 57.
366 3000 379 3021 ⁵
402 3002 581 3042 Agathem.
609 3001 641 3033 2.
665 3000 808 3033 Mueller
840 3002 882 3034 Π.
919 3011 953 3042 Ρ.
985 3002 1062 3034 471.
1118 3002 1132 3023 ⁶
1158 3003 1268 3037 strab.
1302 3013 1334 3044 p.
1369 3006 1422 3040 64,
1470 3005 1644 3046 Agathem.
1678 3005 1709 3038 5.
1743 3012 1776 3044 p·
1801 3003 1878 3047 472·

254 3066 267 3086 Υ
294 3067 469 3110 Agathem.
522 3063 537 3083 Β
564 3064 685 3101 Herod,
718 3065 750 3105 4,
776 3066 829 3097 45.
885 3062 900 3083 ⁹
922 3066 969 3100 ib,
995 3064 1027 3106 2,
1056 3066 1107 3097 16.
