2168 3278
1077 112 1103 159 6
1164 142 1169 149 .

269 241 347 286 alii
375 242 582 298 fecerunt,
613 246 701 285 tum
717 255 854 298 nuper
880 242 946 285 vir
964 241 1238 286 doctissimus
1256 243 1269 268 ¹
1300 240 1390 297 sed,
1420 241 1501 287 hac
1524 242 1569 286 iu
1597 256 1643 287 re
1669 242 1785 289 haud
1803 243 1902 287 scio

270 325 328 354 an
351 310 470 366 J‘usto
498 310 717 363 morosior,
747 310 819 364 qui
844 309 1114 365 glorificandi
1143 309 1332 365 Pytheae
1361 310 1514 353 merita
1539 305 1682 354 studio
1709 311 1901 366 quamvis

263 379 383 433 Justo
412 382 648 421 commotus
686 383 727 421 et
766 377 812 420 in
838 378 948 427 alios
978 376 1249 432 geographos
1278 381 1321 420 et
1349 376 1395 419 in
1422 377 1648 434 Polybium
1658 379 1899 432 ,vehemen-

267 446 431 488 tissime
469 445 661 488 invectus
702 449 793 498 est,
838 445 953 500 quod
980 443 1168 500 Pytheae
1215 444 1545 500 explorationes,
1590 459 1701 500 quae
1751 445 1899 500 quanti

268 513 566 557 aestimandae
587 511 671 555 sint
693 525 771 556 nos
796 512 968 568 scimus,
995 512 1058 555 illi
1082 525 1168 555 non
1198 517 1467 567 acceperunt.
1498 526 1638 557 nonne
1663 513 1897 558 timendum

267 587 373 636 erat,
415 595 470 624 ne
506 581 615 623 alter
644 580 907 623 Euhemerus
938 580 1005 623 vel
1041 579 1310 635 Antiphanes
1338 580 1607 624 exstitisset?
1677 581 1897 636 prudentis

266 649 399 705 igitur
418 648 500 692 viri
531 652 624 691 erat
647 648 758 691 talia
781 648 906 702 quasi
934 647 1160 691 mendacia
1188 662 1215 690 a
1241 647 1361 691 libris
1386 648 1475 692 suis
1499 648 1733 704 prohibere,
1761 661 1897 704 neque

265 718 329 760 illi
359 723 460 760 sunt
491 717 728 760 accusandi
758 717 845 773 qui,
874 730 968 759 cum
998 717 1156 759 frustra
1183 717 1416 759 maximam
1447 731 1624 773 operam
1646 718 1690 760 in
1711 718 1898 774 Pytheae

266 786 560 829 narrationum
590 785 813 828 veritatem
851 783 1158 840 explorandam
1186 785 1479 839 contulissent,
1509 786 1654 828 omnia
1682 785 1805 839 quasi
1834 786 1895 828 fa-

267 854 419 898 bulosa
448 858 579 908 atque
606 853 707 896 ficta
735 852 984 908 rejecerunt.
1014 851 1158 894 omnia
1173 850 1286 893 enim
1308 852 1435 894 unius
1452 852 1633 896 hominis
1655 852 1895 896 testimonio

265 926 308 965 et
337 922 422 965 fide
452 920 710 976 accipienda
738 925 871 974 erant,
913 933 1008 962 cum
1047 931 1171 961 nemo
1210 923 1307 973 post
1336 919 1456 962 illum
1487 920 1544 962 ad
1575 920 1651 963 has
1683 925 1895 963 extremas

264 989 462 1043 regiones
493 988 614 1031 adire
642 1000 773 1030 ausus
803 991 930 1041 esset,
970 999 1105 1040 neque
1134 985 1238 1039 quid
1268 1000 1379 1040 vere,
1412 987 1517 1041 quid
1541 988 1651 1031 falso
1681 1002 1709 1031 a
1730 988 1895 1044 Pythea

263 1060 484 1100 narratum
513 1059 637 1110 esset,
665 1069 717 1098 ne
747 1056 1035 1099 Romanorum
1067 1052 1238 1108 quidem
1267 1053 1611 1109 expeditionibus
1638 1055 1769 1099 multo
1799 1059 1894 1109 post

262 1124 502 1180 Polybium,
518 1123 561 1166 in
592 1123 860 1166 Britanniam
888 1123 1015 1165 factis
1046 1121 1152 1164 satis
1180 1126 1295 1164 esset
1321 1123 1601 1179 exploratum.
1620 1127 1635 1149 ²

377 1192 444 1234 10.
491 1191 712 1235 Summam
743 1196 886 1235 autem
919 1204 1076 1244 eorum,
1109 1203 1221 1243 quae
1250 1189 1476 1233 itineribus
1508 1196 1638 1245 atque
1667 1189 1892 1246 explorati—

260 1259 414 1303 onibus
471 1258 561 1302 suis
606 1263 877 1314 cognoverat,
930 1257 1088 1314 partim
1136 1257 1180 1299 in
1231 1258 1414 1312 singulis
1462 1257 1731 1301 historiarum
1773 1256 1892 1300 libris

260 1331 487 1370 occasione
541 1327 684 1368 oblata
738 1326 957 1381 exposuit,
1013 1324 1170 1380 partim
1225 1330 1427 1380 separato
1472 1326 1743 1368 historiarum
1785 1326 1891 1366 libro

259 1395 463 1437 continuo
504 1393 718 1447 tractavit,
757 1393 871 1447 quod
916 1396 1017 1435 ante
1063 1406 1160 1435 eum
1201 1397 1243 1435 et
1288 1393 1365 1435 alii
1406 1406 1545 1436 rerum
1587 1393 1813 1447 scriptores
1849 1398 1891 1435 et

258 1460 453 1517 Ephorus
482 1461 683 1504 fecerant.
701 1464 717 1487 ³
780 1460 982 1516 Polybius
1022 1459 1196 1515 saepius
1233 1473 1279 1503 se
1309 1461 1525 1503 nonnullis
1553 1461 1606 1503 de
1636 1460 1742 1503 locis
1772 1472 1892 1514 sepa-

257 1530 384 1572 ratim
415 1529 628 1572 dicturum
658 1542 753 1572 esse
783 1528 1047 1584 profitetur,4
1087 1541 1141 1570 ne
1169 1528 1233 1570 his
1264 1528 1556 1572 describendis
1583 1542 1721 1571 rerum
1748 1533 1888 1583 gesta-

256 1610 349 1640 rum
387 1596 592 1640 continua
637 1596 826 1639 narratio
869 1597 1223 1650 interrumpatur,
1271 1609 1379 1639 neve
1425 1597 1544 1651 ipsae
1583 1596 1889 1650 descriptiones

256 1664 436 1721 abrupte
455 1669 622 1707 tantum
648 1670 777 1719 atque
800 1663 936 1707 obiter
963 1664 1080 1717 fiant,
1111 1664 1188 1707 sed
1209 1677 1287 1707 suo
1312 1664 1499 1719 quidque
1516 1665 1609 1707 loco
1639 1669 1682 1708 et
1702 1669 1889 1719 tempore

255 1737 507 1787 exponatur.
565 1746 666 1775 nam
698 1733 850 1776 eadem
883 1732 1061 1784 ratione,
1109 1744 1195 1784 qua
1239 1732 1360 1786 ipsae
1401 1745 1469 1775 res
1510 1738 1675 1786 gestae,
1719 1732 1757 1775 si
1792 1732 1887 1785 quis

255 1799 452 1854 singulas
479 1813 554 1843 eas
587 1804 772 1854 enarret,
803 1812 940 1853 neque
971 1798 1330 1853 quemadmodum
1358 1813 1505 1844 omnes
1534 1799 1789 1843 cohaereant
1818 1799 1887 1842 de-

254 1872 474 1922 monstret,
521 1882 607 1911 non
650 1873 759 1911 rerte
807 1873 1144 1922 cognoscantur,
1190 1867 1319 1910 etiam
1358 1868 1488 1911 totius
1527 1868 1641 1912 orbis
1679 1874 1885 1912 terrarum

255 1935 436 1989 figuram
476 1934 606 1978 situm
641 1940 769 1989 atque
807 1935 999 1977 ordinem
1031 1939 1144 1978 recte
1182 1935 1365 1992 perspici
1407 1949 1491 1980 non
1512 1937 1517 1943 “
1527 1950 1655 1992 posse
1694 1936 1811 1991 dicit,
1850 1937 1886 1980 si

253 2003 548 2046 nobilissimae
565 2003 691 2046 urbes
716 2003 914 2058 singulae
934 2003 1160 2046 visitentur
1188 2007 1264 2045 aut
1294 2004 1339 2045 in
1369 2005 1527 2047 tabulis
1551 2004 1677 2059 pictis
1708 2005 1763 2047 ab
1789 2004 1885 2047 aliis

252 2075 482 2125 separatae
526 2070 854 2127 inspiciantur.⁵
919 2075 1119 2126 separato
1159 2070 1289 2124 igitur
1328 2071 1422 2113 loco
1467 2085 1583 2114 mare
1622 2072 1884 2114 Atlanticum

251 2137 542 2193 descripturus
574 2144 651 2193 est,
696 2144 737 2181 et
768 2153 878 2192 quae
915 2139 960 2182 in
1000 2152 1050 2181 eo
1074 2139 1243 2194 propria
1275 2140 1372 2196 sint,
1409 2139 1574 2183 insulas
1599 2139 1885 2194 Britannicas,

249 2207 292 2247 et
321 2205 394 2247 ubi
424 2206 511 2249 sint
542 2206 707 2262 plumbi
737 2207 826 2249 albi
856 2207 1043 2260 fodinae,
1075 2208 1227 2249 fretum
1261 2207 1529 2261 Herculeum,
1559 2208 1744 2250 iberiam
1774 2207 1883 2262 ejus-

247 2285 328 2326 que
357 2276 527 2328 argenti
551 2280 594 2317 et
622 2274 716 2318 auri
744 2275 932 2317 metalla.

364 2342 429 2383 11.
480 2343 573 2384 Hoc
605 2342 876 2384 historiarum
908 2342 1028 2398 libro,
1068 2357 1151 2398 quo
1182 2344 1388 2399 Polybius
1419 2343 1726 2399 geographiam
1760 2357 1881 2400 sepa·

249 2408 377 2451 ratim
418 2411 634 2464 tractavit,
675 2411 829 2454 Strabo
862 2424 965 2455 usus
996 2416 1074 2466 est,
1123 2413 1200 2455 sed
1244 2425 1465 2455 numerum
1509 2413 1602 2466 eJus
1642 2426 1727 2455 non
1765 2413 1883 2455 citat.

247 2478 332 2520 tria
377 2482 547 2521 tantum
589 2482 856 2533 fragmenta,
903 2492 1012 2532 quae
1056 2479 1301 2523 Athenaeus
1347 2480 1579 2534 servavit,⁶
1622 2479 1881 2522 tricesimum

245 2549 443 2597 quartum
482 2546 637 2589 librum
682 2546 830 2600 citant,
878 2560 1057 2600 quorum
1100 2547 1271 2601 quidem
1311 2547 1395 2589 duo
1426 2547 1592 2590 lberiae
1624 2548 1880 2590 mentionem

244 2613 421 2668 faciunt,
464 2614 635 2657 tertium
677 2626 780 2657 orae
811 2614 992 2657 Galliae.
1060 2619 1283 2669 praeterea
1321 2614 1388 2657 hic
1421 2615 1527 2658 liber
1556 2615 1672 2670 apud
1703 2615 1880 2670 Stepha-

244 2694 345 2722 num
391 2682 680 2737 Byzantinum
727 2687 779 2731 (s.
817 2697 856 2725 v.
885 2680 1075 2738 Αἰθάλη)
1135 2682 1303 2725 citatur.
1375 2683 1526 2736 quibus
1581 2683 1880 2738 geographicis

242 2748 369 2792 trium
401 2750 666 2795 diversarum
695 2755 904 2796 terrarum
935 2750 1203 2807 fragmentis,
1234 2755 1277 2795 et
1305 2751 1492 2795 maxime
1516 2751 1627 2807 quod
1646 2751 1879 2809 praecipua

337 2934 348 2954 ¹
372 2936 621 2968 Miillenhofflus
646 2939 681 2968 in
705 2937 869 2970 archaeol.
897 2946 1002 2977 germ.
1026 2947 1056 2978 p.
1084 2940 1161 2969 350.
1186 2946 1281 2978 sequ.
1329 2935 1345 2954 ²
1371 2937 1473 2969 Tacit.
1498 2939 1610 2978 Agric.
1631 2940 1683 2971 10.
1734 2937 1749 2957 ⁸
1772 2939 1879 2970 Strab.

240 2996 272 3028 8.
296 3005 330 3036 p.
358 2995 436 3029 332.
500 2991 514 3012 ⁴
542 2996 573 3035 3,
611 2996 663 3026 59.
691 2997 722 3030 6.
773 2999 803 3037 1,
837 2996 869 3029 4.
898 2996 928 3030 6,
981 2995 1012 3036 3,
1046 2998 1103 3031 57.
1165 2993 1177 3015 ⁵
1204 2998 1234 3037 1,
1259 2997 1290 3030 4.
1317 2996 1348 3029 6.
1400 2997 1431 3035 3,
1465 2997 1518 3030 57.
1547 2996 1600 3028 58.
1661 2993 1676 3016 ⁶
1700 2996 1821 3031 Athen.
1849 2998 1896 3039 7?

236 3061 268 3092 p.
296 3051 364 3081 302
376 3060 403 3082 c.
453 3051 483 3090 8,
511 3061 542 3092 p.
569 3053 674 3084 330d.
704 3055 805 3083 33212.
