2168 3278
809 522 1363 596 THESE-S.

1073 797 1099 843 I

393 882 521 938 Apud
545 882 799 926 Strabonem
828 882 867 925 2.
898 884 937 925 4.
969 883 1007 926 3.
1038 898 1078 940 p.
1108 884 1202 937 105,
1231 884 1303 927 ubi
1331 883 1504 937 legitur:
1532 884 1600 924 καὶ
1628 882 1671 924 ἐν
1699 882 1816 938 δεξιᾷ
1843 882 1905 933 εἰς

279 950 353 1006 τήν
382 947 601 1005 Ἰαπυγίαν,
631 948 719 993 ἀπὸ
752 951 797 993 δὲ
837 952 919 992 τῶν
946 955 1182 1007 Κεραυνίων
1215 952 1289 1007 τήν
1318 950 1540 1008 Ἰλλυρικὴν
1579 951 1789 1008 παραλίαν
1828 956 1907 1003 eet,

278 1018 506 1072 legendum
547 1024 633 1062 est:
671 1019 740 1061 καὶ
778 1018 821 1061 ἐν
857 1019 974 1076 δεξιᾷ
1012 1019 1073 1070 εἰς
1108 1019 1181 1075 τήν
1209 1017 1416 1060 Ἰαπυδίαν
1441 1015 1528 1061 α’πὸ
1565 1018 1645 1061 τῶν
1675 1021 1910 1075 Κεραυνίων

279 1086 352 1142 τήν
379 1085 598 1142 Ἰλλυρικὴν
626 1088 851 1143 παραλίαν.
1111 1087 1113 1090 ’
1553 1086 1555 1088 ’

1054 1189 1122 1237 ΙΙ.

394 1276 445 1319 In
471 1275 646 1327 Aristot.
676 1276 790 1332 polit.
815 1277 848 1318 1.
885 1276 925 1318 4.
952 1288 994 1331 p.
1026 1275 1137 1319 1253
1165 1276 1281 1331 Bek‚
1316 1276 1389 1320 ubi
1426 1277 1584 1332 legitur
1611 1300 1667 1309 --
1694 1274 1803 1319 οὕτω
1839 1277 1908 1326 καὶ

279 1347 363 1385 τιῦν
391 1342 672 1406 οἰκονομικῶν.
732 1346 813 1385 τιῦν
844 1340 1071 1399 δ’ὄργάνων
1101 1343 1153 1385 τοὶ
1180 1344 1256 1398 μὲν
1285 1343 1435 1399 ἄψυχα
1472 1343 1524 1385 τοὶ
1549 1341 1783 1399 δ’ἕμψυχα,
1822 1342 1909 1386 οἶον
1964 1367 1970 1370 -

276 1414 337 1467 τῷ
366 1412 588 1469 κυβερνήτῃ
617 1409 641 1454 ὁ
663 1411 739 1466 μὲν
762 1410 859 1464 οἴαξ
888 1409 1056 1466 ἄψυχον
1079 1409 1104 1454 ὁ
1134 1411 1179 1454 δὲ
1204 1411 1396 1469 πρῳρεύς
1418 1410 1620 1467 ἔμψυχον·
1650 1408 1673 1452 ὁ
1697 1411 1776 1466 γάρ
1802 1410 1908 1468 ὐπηέ

278 1486 399 1535 ρέτης
422 1480 464 1522 ἑν
492 1477 667 1536 ὅργάνον
691 1479 793 1523 εἴδει
822 1480 914 1529 ταῖς
941 1482 1105 1531 τέχναις
1126 1477 1244 1523 ἔστιν.
1287 1477 1396 1523 οὕτω
1417 1479 1485 1521 καὶ
1508 1478 1555 1521 τὸ
1579 1478 1714 1535 κτῆμα
1735 1477 1909 1535 ὄργανον
1970 1503 1976 1507 -

277 1547 385 1605 πρὸς
412 1547 520 1605 ζωήν
554 1547 639 1591 ἐστι
650 1583 662 1604 ,
698 1548 769 1591 καὶ
811 1544 836 1605 ἡ
877 1551 1016 1605 κτῆσις
1052 1548 1221 1605 πλῆθος
1243 1544 1429 1605 ὀργάνων
1462 1545 1570 1597 ἐστί,
1614 1547 1683 1589 καὶ
1711 1544 1735 1590 ὁ
1763 1547 1910 1599 δοῦλος

275 1617 409 1674 κτῆμά
440 1632 480 1659 τι
510 1617 713 1672 ἔμψυχον,
744 1617 813 1657 καὶ
844 1612 987 1671 ὥσπερ
1016 1615 1190 1672 ὄργανον
1219 1615 1302 1670 πρὸ
1326 1614 1521 1672 ὀργάνων,
1551 1620 1636 1665 πᾶς
1658 1614 1682 1658 ὅ
1702 1614 1909 1672 ὑπηρέτης

280 1709 332 1717 —
364 1686 638 1741 transpositis
668 1684 809 1728 verbis
837 1684 1065 1738 legendum
1093 1689 1158 1726 est
1191 1709 1237 1715 —-
1274 1680 1382 1725 οὕτω
1417 1684 1485 1725 καὶ
1521 1688 1605 1725 τῶν
1640 1684 1910 1738 οἰκονομικῶν

276 1754 324 1794 τὸ
347 1758 483 1808 κτῆμα
505 1751 679 1808 ὄργανον
708 1752 815 1809 πρὸς
843 1751 949 1807 ζωήν
974 1750 1071 1800 ἐστι,
1096 1751 1166 1792 καὶ
1193 1749 1219 1806 ἡ
1243 1756 1381 1807 κτῆσις
1404 1752 1571 1808 πλῆθος
1601 1749 1787 1806 ὀργάνων
1809 1751 1906 1801 ἐστί,

277 1825 362 1861 τῶν
390 1818 617 1877 δὀργάνων
645 1820 697 1862 τά
725 1820 800 1874 μὲν
828 1817 980 1874 ἄψυχα
1010 1842 1065 1848 --
1098 1823 1140 1860 et
1166 1831 1274 1872 quae
1303 1824 1547 1872 sequuntur.

1047 1965 1142 2012 ΙΙΙ.

392 2057 521 2110 Soph.
553 2056 617 2097 El.
645 2055 711 2097 21.
753 2068 849 2097 cum
879 2052 1094 2097 Meinekio
1134 2050 1193 2102 ὠς
1226 2051 1419 2109 ἐξήκομεν
1463 2052 1689 2108 legendum
1722 2067 1816 2098 esse
1845 2055 1906 2097 vi-

280 2124 414 2167 detur.

1054 2223 1142 2273 IV.

392 2317 497 2358 Tac.
524 2315 665 2358 Germ.
699 2313 762 2366 16,
798 2312 871 2356 ubi
901 2312 1078 2366 legitur:
1122 2311 1364 2367 „quaedam
1402 2310 1499 2354 loca
1537 2310 1786 2366 diligentius
1812 2305 1909 2355 inli-

278 2388 385 2425 nunt
423 2388 537 2425 terra
578 2382 642 2425 ita
678 2395 786 2436 pura
822 2395 874 2424 ae
914 2379 1185 2436 splendente,
1236 2383 1283 2423 ut
1321 2379 1533 2435 picturam
1577 2392 1629 2421 ae
1661 2377 1910 2422 liniamenta

278 2451 464 2493 colorum
497 2449 724 2502 imitetur“‚
753 2448 858 2490 nihil
889 2448 1139 2490 mutandum
1169 2453 1246 2491 est.

857 2981 1026 3014 Numburgi,
1045 2982 1143 3008 formis
1163 2980 1333 3012 PnetzianiS.
