2168 3278
247 116 270 141 x
632 85 635 87 ’
914 107 1103 160 ’56

271 236 475 292 loommin
505 237 625 285 fama
661 238 722 284 ad
750 239 943 287 Graecos
965 239 1204 297 pervenit,
1216 243 1260 283 et
1292 244 1417 296 mut,
1458 240 1797 297 quilici-oded¹
1837 239 1892 284 de

263 304 455 363 Cyrnum
482 306 626 363 insula
654 308 961 366 narrationem,
997 313 1041 353 et
1068 305 1614 370 quaeestdeauroqius
1652 310 1890 365 cnmflau·

260 374 388 420 nonis
427 374 564 421 Cerne
605 376 873 434 conferant,
885 377 1128 433 eademque
1168 377 1336 430 ratione
1370 376 1596 429 Hecataei
1607 374 1765 433 Milesii
1792 378 1890 431 xo

259 438 414 498 littam,
435 443 595 501 Ephori
612 444 791 502 Cernen,
820 463 989 505 καρικον
1014 455 1161 501 τεῖχος,
1191 459 1305 502 quae
1332 446 1507 502 quidem
1520 446 1649 492 urbes
1664 445 1889 505 Hannonis

260 511 426 568 periplo
455 512 722 568 antiquiores
750 520 876 559 erant
905 519 953 572 (g
978 516 1018 559 5.
1048 515 1361 572 κατῳκίσαμεν).
1399 514 1717 571 explorationes
1744 518 1889 565 autem

261 580 388 637 hujus
415 581 498 626 viri
535 582 593 626 ad
635 595 757 626 oram
785 584 961 629 Africae
998 584 1308 628 occidentalem
1345 583 1505 629 rectius
1543 583 1886 640 cognoscendam

260 649 364 693 nihil
409 651 649 706 valuerunt,
693 665 788 696 cum
838 652 1023 709 plurima
1052 652 1208 697 Graeci
1252 664 1451 708 perverse
1496 651 1887 712 interpretarentur.

258 718 406 774 itaque
434 718 595 775 Scylax
612 733 730 763 oram
746 721 804 764 ad
832 720 1002 764 initium
1028 724 1199 764 tantum
1226 720 1383 764 deserti
1407 720 1620 775 cognovit,
1636 720 1743 764 inde
1769 732 1887 763 mare

258 791 383 843 putat
427 787 723 842 innavigabile
753 802 860 833 esse.
927 789 1003 833 alii
1030 788 1257 832 Hanhonis
1295 788 1504 846 periplum
1551 788 1885 832 consentientem

256 854 423 899 faciunt
470 869 564 899 cum
614 857 827 900 communi
874 856 1064 901 omnium
1106 858 1365 902 Graecorum
1413 857 1625 914 opinione,
1663 870 1791 912 quam
1832 856 1886 900 de

256 924 397 981 figura
428 925 599 967 Africae
640 926 696 967 ab
726 926 1011 973 Eratosthene
1048 930 1317 982 acceperant,
1359 930 1423 969 ut.
1446 927 1696 970 Hannonem
1737 925 1781 968 in
1823 927 1886 968 tot

257 991 424 1036 dierum
453 992 734 1048 navigatione
763 993 880 1037 circa
916 998 1051 1037 totam
1074 993 1264 1038 Africam
1296 1007 1428 1049 usque
1458 994 1514 1037 ad
1539 994 1727 1038 Arabiae
1758 993 1883 1036 finem

255 1058 427 1104 venisse
455 1064 672 1122 putarent.
723 1074 807 1115 quo
838 1061 999 1103 factum
1028 1065 1104 1115 est,
1132 1066 1180 1105 ut
1208 1061 1434 1105 Hannonis
1453 1060 1600 1105 ’Νότου
1631 1065 1761 1117 κέρας,
1800 1073 1884 1115 quo

254 1128 427 1187 nomine
470 1128 611 1173 sinum
641 1128 716 1173 ille
759 1128 963 1185 appellat,
1007 1127 1064 1172 ad
1103 1128 1296 1173 ultimum
1326 1129 1497 1173 Africae
1539 1128 1760 1173 orientalis
1790 1141 1884 1185 pro·

255 1196 511 1240 montorium
542 1191 856 1242 transferretur.
870 1198 892 1224 ²

351 1263 409 1307 -3,
459 1264 663 1321 Polybius
688 1269 846 1321 autem,
876 1266 1000 1321 cujus
1026 1265 1215 1323 periplus
1245 1266 1452 1323 auspiciis
1486 1265 1674 1309 consulis
1702 1264 1885 1308 Romani

257 1337 484 1390 susceptus
514 1337 592 1388 est,
638 1347 733 1376 cum
763 1333 857 1389 jam
888 1339 989 1377 ante
1018 1333 1324 1390 Carthaginem
1353 1334 1539 1378 deletam
1563 1327 1772 1387 rediisset,
1805 1332 1885 1376 iter

255 1414 378 1444 suum
405 1400 501 1443 sine
541 1400 671 1444 dubio
701 1415 787 1444 non
824 1402 887 1445 ita
926 1403 1060 1445 multo
1098 1405 1197 1458 post
1237 1401 1475 1458 descripsit.
1528 1401 1602 1457 qui
1630 1400 1749 1457 liber,
1787 1414 1884 1444 cum

253 1481 466 1524 nusquam
497 1469 552 1512 ab
577 1469 675 1512 aliis
703 1475 875 1526 praeter
903 1470 1086 1514 Plinium
1111 1470 1268 1513 mentio
1293 1470 1386 1526 ejus
1413 1470 1501 1525 fiat,
1528 1469 1573 1512 in
1599 1470 1729 1513 libros
1756 1469 1883 1512 histo-

251 1536 410 1580 riarum
437 1541 590 1597 postea
628 1538 893 1595 conscriptos
936 1551 1075 1594 neque
1113 1538 1211 1598 ipse
1243 1542 1438 1595 receptus
1469 1540 1547 1591 est,
1589 1549 1727 1591 neque
1771 1549 1883 1591 quae

251 1604 551 1661 exploraverat
574 1605 619 1649 in
646 1605 768 1650 libris
795 1606 880 1650 illis
907 1605 1112 1664 Polybius
1142 1605 1353 1663 exposuit.
1410 1605 1571 1649 Plinius
1609 1609 1767 1659 autem,
1810 1604 1881 1660 qui

250 1673 367 1717 solus
396 1673 475 1717 hoc
505 1673 668 1731 periplo
697 1689 798 1718 usus
838 1679 916 1729 est,
961 1677 1136 1718 nomina
1165 1679 1333 1717 tantum
1372 1688 1426 1729 ex
1452 1687 1503 1717 eo
1535 1673 1774 1728 exscripsit,
1806 1674 1892 1725 sed,

250 1744 390 1785 utrum
421 1754 474 1786 ex
496 1741 592 1800 ipso
622 1741 789 1800 Polybii
812 1741 920 1786 libro
947 1742 1052 1786 haec
1081 1740 1376 1799 desumpserit,
1403 1756 1473 1795 an,
1506 1740 1619 1796 quod
1651 1740 1741 1785 veri
1768 1741 1882 1785 simi-

251 1809 335 1852 lius
364 1809 535 1852 videtur
561 1823 667 1864 esse,
714 1823 767 1852 ex
796 1810 882 1853 alio
912 1811 1019 1853 libro
1047 1809 1182 1854 latine
1209 1809 1464 1865 conscriptO,
1505 1808 1691 1852 dubitari
1729 1813 1880 1865 potest.

251 1890 351 1921 nam
398 1877 515 1933 apud
561 1878 703 1934 ipsum
731 1878 970 1935 Polybium,
1015 1883 1062 1921 ut
1103 1878 1261 1921 flumen
1302 1877 1473 1921 Salsum
1523 1877 1729 1931 omittam,
1767 1877 1880 1921 Solis

251 1944 586 2000 promontorium
618 1945 711 1988 sine
741 1945 872 1989 dubio
898 1956 982 1988 non
1009 1945 1245 2001 legebatur,
1275 1944 1352 1988 sed
1367 1943 1532 1988 Soloeis
1551 1944 1879 2001 promontorium

250 2013 449 2056 omnibus
489 2013 665 2057 Graecis
707 2017 875 2068 notum,
917 2013 1031 2068 quod
1075 2013 1257 2057 Romani
1299 2011 1470 2067 quidem
1509 2012 1738 2067 etymologi
1782 2025 1879 2055 cum

249 2080 349 2125 Sole
375 2080 567 2125 conferre
595 2085 806 2138 poterant,
837 2086 884 2125 at
919 2095 1004 2125 non
1033 2081 1248 2138 Polybius.
1306 2078 1432 2125 Plinii
1458 2083 1600 2123 autem
1634 2092 1774 2124 errore
1799 2078 1878 2123 hoc

248 2162 405 2192 nomen
427 2162 514 2192 uon
539 2150 603 2193 ita
633 2149 839 2194 traditum
868 2162 963 2192 esse
991 2162 1046 2192 ex
1075 2162 1125 2192 eo
1151 2153 1344 2205 apparet,
1386 2147 1501 2203 quod
1529 2147 1660 2191 etiam
1686 2160 1714 2191 a
1740 2146 1878 2192 Ptole-

248 2231 372 2261 maeo
402 2214 552 2261 eodem
584 2217 628 2260 in
667 2218 762 2261 loco
791 2213 931 2261 Ἡλίου
960 2215 1070 2274 ἄκρα
1105 2217 1290 2274 ponitur,
1306 2218 1324 2244 ³
1362 2221 1410 2261 ut
1446 2216 1577 2260 etiam
1609 2214 1879 2260 Ptolemaeus

246 2285 367 2329 libris
397 2286 686 2329 Romanorum
727 2298 829 2328 usus
859 2285 938 2328 hoc
965 2298 1120 2329 nomen
1150 2284 1267 2342 apud
1301 2284 1398 2329 illos
1428 2284 1634 2328 usitatum
1662 2283 1879 2342 recepisse

246 2352 457 2396 videatur.
510 2357 745 2404 ceterorum
775 2353 966 2395 omnium
993 2353 1214 2410 nominum¹
1228 2357 1310 2396 'aut
1338 2352 1566 2410 phoenicia
1589 2352 1728 2395 forma
1756 2351 1887 2399 nobis

250 2434 303 2464 ex
331 2419 501 2477 Polybii
529 2420 694 2477 periplo
720 2420 917 2474 traditur,
948 2424 1023 2463 aut
1049 2433 1113 2475 ea,
1148 2433 1259 2475 quae
1284 2419 1402 2476 apud
1428 2419 1617 2463 Graecos
1643 2418 1878 2473 antiquitus

247 2487 411 2531 usitata
441 2491 519 2543 est,
550 2487 666 2530 velut
694 2487 830 2542 Atlas,
866 2487 1010 2530 Theon
1040 2486 1228 2542 ochema,
1251 2486 1582 2544 promontorium
1613 2484 1877 2543 Hesperium-

359 2553 485 2609 Quod
516 2554 679 2600 Plinius
708 2554 834 2599 nobis
860 2554 1049 2601 servavit
1075 2554 1224 2598 mirum
1253 2556 1298 2599 in
1321 2554 1492 2599 modum
1519 2553 1772 2611 dispositum
1799 2561 1877 2612 est,

246 2639 343 2669 cum
383 2637 621 2668 mensurae.
650 2622 716 2667 bis
761 2626 872 2667 retro
917 2626 1193 2666 enumeratae
1237 2624 1336 2680 sint,
1380 2627 1428 2667 ut
1470 2636 1556 2676 non
1600 2636 1628 2666 a
1663 2622 1773 2668 freto
1819 2625 1876 2670 ad

249 2693 461 2737 Atlantem
492 2692 750 2748 Plinianum,
794 2691 872 2736 sed
918 2691 1018 2735 inde
1056 2692 1121 2736 *ad
1167 2693 1319 2737 fretum
1367 2695 1611 2746 numeretur
1640 2696 1682 2735 et
1721 2692 1875 2737 eadem

245 2761 411 2805 ratione
437 2774 523 2805 non
552 2774 579 2804 a
609 2760 896 2817 promontorio
922 2759 1133 2817 Hesperio
1163 2761 1221 2804 ad
1235 2759 1386 2805 Theon
1407 2758 1595 2818 ochema,
1617 2760 1692 2805 sed
1715 2765 1876 2806 contra.

244 2843 373 2884 quam
416 2834 574 2872 temere
620 2834 763 2872 autem
795 2829 959 2873 Plinius
1002 2829 1262 2885 excerpserit
1303 2841 1358 2872 ex
1387 2841 1438 2871 eo
1462 2841 1687 2883 possumus
1715 2828 1875 2885 videre,

244 2897 358 2952 quod
400 2897 455 2940 de
502 2897 675 2940 Atlante
721 2896 889 2953 Polybii
933 2896 1025 2953 ipse
1070 2897 1303 2951 dubitatur,
1353 2909 1450 2939 cum
1490 2896 1713 2953 Polybium
1757 2896 1876 2940 dicat

337 3058 346 3083 ¹
373 3059 495 3093 Herod.
522 3060 554 3102 4,
584 3060 657 3092 195.
706 3056 723 3076 ‘²
748 3059 835 3094 plin.
862 3059 894 3101 2,
917 3059 970 3090 67.
1021 3054 1035 3077 ³
1059 3057 1145 3091 Ptol.
1171 3057 1205 3098 4,
1232 3058 1261 3090 1.
