2168 3278
1076 137 1134 182 24

288 260 561 315 Hermaeum,
605 262 719 315 quod
759 265 825 305 est
861 262 903 304 in
943 262 1230 318 promontorio
1262 275 1314 305 ex
1341 264 1567 318 Europaeo
1590 261 1713 305 litore
1742 263 1787 311 in
1817 262 1921 306 Bos·

289 340 440 384 porum
468 329 723 384 excurrenti,
757 330 873 384 quod
911 331 1098 385 quinque
1132 330 1278 373 stadia
1307 330 1364 374 ab
1394 330 1500 374 Asia
1525 330 1672 374 distat.
1723 330 1804 374 hoc
1828 329 1922 373 loco

287 395 448 439 Darius
493 396 539 439 in
580 396 764 458 Scythas
811 399 1080 455 profecturus
1125 398 1349 455 traJecisse
1389 398 1557 442 dicitur.
1651 397 1891 442 Herodotus
1907 398 1922 424 ¹

288 464 471 508 eundem
497 464 638 509 locum
666 466 778 510 inter
806 467 956 511 fanum
985 467 1106 523 ponit
1145 471 1187 511 et
1214 464 1485 523 Byzantium,
1514 479 1651 521 neque
1681 464 1922 510 accuratius

288 532 362 575 ubi
401 533 459 576 sit
497 532 606 578 situs
636 535 867 595 describit,
914 536 1067 579 Strabo
1084 538 1100 563 2
1140 535 1321 578 eandem
1362 535 1490 579 habet
1524 533 1809 589 latitudinem,
1848 531 1923 575 alii

289 604 493 663 quattuor
513 602 669 646 stadia.
687 606 704 632 ³
733 617 869 658 usque
895 604 952 647 ad
980 604 1056 647 hoc
1072 604 1404 660 promontorium
1420 602 1547 647 simili
1578 601 1709 645 fluctu
1736 615 1764 644 a
1789 601 1922 644 Ponto

290 669 506 725 Bosporus
548 683 707 725 aquam
748 684 872 715 suam
903 672 1104 727 devolvit,
1149 676 1322 728 propter
1367 668 1689 715 similitudinem
1734 670 1922 713 locorum

289 741 514 791 utrumque
559 738 662 780 litus
701 739 975 793 cingentium.
1054 740 1130 782 sed
1162 741 1278 795 apud
1308 740 1567 783 Hermaeum
1607 737 1921 781 strictissimum

290 804 411 847 illum
439 805 618 861 Bospori
646 805 784 849 locum
816 820 910 849 cum
940 807 1097 850 fiumen
1118 822 1279 863 magna
1307 807 1350 851 vi
1375 810 1547 864 propter
1563 804 1788 861 angustias
1810 818 1921 848 com-

287 886 481 928 pressum
509 873 552 915 in
583 875 915 929 promontorium
945 875 1148 930 incurrat,
1193 876 1291 919 hinc
1334 876 1450 919 velut
1489 875 1623 929 plaga
1653 876 1833 928 accepta
1859 885 1922 914 re-

288 940 458 996 pulsum
501 941 656 985 avertit
687 955 732 986 se
780 947 907 997 atque
952 943 995 986 in
1038 943 1297 987 contrarium
1327 943 1461 986 Asiae
1486 942 1587 985 litus
1617 941 1752 995 irruit,
1782 953 1810 984 a
1839 952 1922 994 quo

288 1008 518 1052 refractum
549 1009 697 1053 eodem
740 1011 899 1066 impetu
945 1012 1001 1054 ad
1046 1012 1165 1055 aliud
1192 1013 1391 1067 Europae
1427 1010 1762 1067 promontorium
1799 1007 1922 1062 redit,

290 1076 406 1130 quod
453 1077 569 1121 circa
598 1078 774 1122 Hestias
818 1081 1062 1136 appellatur
1105 1081 1222 1137 (περὶ
1251 1080 1328 1131 τοὶς
1355 1076 1559 1134 Ἑστίας).
1621 1078 1700 1121 hoc
1729 1089 1922 1133 promon-

288 1144 444 1187 torium
475 1145 529 1188 ab
554 1145 715 1190 Hestiis
739 1147 879 1204 Plinii,
893 1151 909 1173 ⁴¹
949 1162 1082 1205 prope
1120 1149 1269 1192 fanum
1297 1147 1403 1191 illud
1435 1146 1533 1192 Jovi
1564 1146 1667 1191 Urio
1706 1148 1920 1189 sacratum

290 1212 567 1270 collocandis,
596 1217 913 1271 segregandum
954 1222 1029 1260 est.
1093 1218 1195 1260 inde
1233 1218 1372 1261 denuo
1413 1228 1683 1271 repercussus
1722 1213 1921 1256 fluctuum

290 1280 485 1325 incursus
511 1282 569 1326 ad
596 1283 845 1328 hodiernum
876 1285 1044 1329 Scutari
1073 1285 1272 1338 defertur,
1308 1285 1353 1328 in
1371 1283 1658 1340 promontorio
1688 1280 1820 1325 Asiae
1849 1292 1921 1335 po-

292 1349 436 1403 situm,
483 1351 595 1404 quod
626 1365 653 1394 a
688 1352 866 1408 Polybio
896 1352 1014 1403 Βοῦς,
1060 1353 1115 1395 ab
1154 1353 1253 1395 aliis
1284 1353 1415 1395 etiam
1442 1350 1638 1393 Damalis
1667 1349 1921 1400 nominatur,

290 1430 374 1471 quo
399 1418 467 1471 Jo,
498 1431 593 1461 cum
618 1431 671 1462 ex
703 1420 872 1475 Europa
908 1420 952 1462 in
991 1420 1136 1463 Asiam
1176 1419 1391 1473 transiret,
1428 1418 1568 1474 prima
1608 1417 1791 1473 appulsa
1829 1427 1923 1458 esse

290 1484 486 1527 traditur.
502 1488 519 1513 ⁵
571 1486 732 1528 ibidem
762 1487 892 1529 etiam
917 1488 1192 1542 Chrysopolis
1216 1492 1292 1540 est,
1316 1500 1445 1540 quam
1469 1486 1615 1527 urbem
1640 1484 1922 1527 Athenienses

288 1550 514 1596 Alcibiade
556 1552 664 1598 duce
707 1558 903 1599 tenentes
943 1555 1069 1611 primi
1107 1554 1292 1598 navibus
1332 1554 1377 1597 in
1405 1553 1584 1597 Pontum
1616 1550 1922 1606 navigantibus

289 1619 450 1663 tributa
478 1621 696 1678 imponere
725 1627 824 1666 sunt
854 1623 1010 1668 conati.

404 1688 472 1733 27.
530 1690 569 1732 A
600 1691 717 1734 Bove
747 1691 822 1736 illo
851 1685 1004 1736 fluctus
1032 1692 1091 1735 ad
1119 1692 1259 1749 ipsum
1286 1691 1544 1747 Byzantium
1569 1703 1617 1734 se
1646 1691 1825 1741 vertunt,
1849 1686 1922 1729 ubi

290 1757 429 1800 minor
458 1758 628 1812 quidem
659 1772 761 1815 pars
791 1759 836 1802 in
877 1773 1008 1803 cornu
1053 1760 1166 1814 quod
1209 1759 1376 1814 dicitur,
1423 1758 1755 1816 Byzantinorum
1781 1755 1921 1798 sinum

289 1824 450 1880 influit,
504 1826 645 1882 major
701 1832 846 1870 autem
897 1828 1209 1871 Chalcedonem
1255 1841 1402 1871 versus
1457 1828 1611 1880 fertur,
1667 1836 1778 1879 quae
1821 1823 1921 1865 urbs

291 1893 632 1947 quattuordecim
669 1895 815 1939 stadia
854 1909 880 1938 a
909 1896 1120 1952 Byzantio
1158 1896 1293 1939 abest.
1346 1895 1390 1939 vi
1424 1899 1568 1938 autem
1596 1893 1796 1936 fluctuum
1826 1902 1921 1947 pro-

290 1959 512 2002 montoriis
545 1962 724 2018 Bospori
748 1962 841 2016 jam
869 1964 1022 2018 fracta,
1063 1977 1158 2006 cum
1196 1963 1323 2005 litora
1350 1962 1505 2005 latiora
1540 1974 1587 2004 se
1619 1958 1855 2003 extendant
1879 1960 1923 1999 et

291 2039 405 2081 aqua
425 2028 549 2082 quasi
571 2041 599 2070 a
615 2028 797 2072 vinculis
818 2030 907 2073 suis
937 2030 1119 2074 liberata
1144 2031 1328 2074 tardiore
1353 2043 1477 2073 cursu
1503 2029 1548 2072 in
1568 2028 1762 2071 diversas
1775 2028 1921 2081 partes

291 2094 465 2149 dilapsa
495 2108 633 2149 neque
661 2098 874 2152 angustiis
914 2112 1052 2153 neque
1089 2097 1388 2155 promontoriis
1428 2097 1640 2151 incitetur,
1679 2094 1738 2138 ad
1779 2093 1921 2149 ipsam

290 2163 433 2206 urbem
467 2162 777 2207 chalcedonem
807 2165 961 2210 fiumen
991 2166 1112 2211 adire
1142 2180 1228 2210 non
1257 2170 1409 2223 potest.
1471 2178 1553 2220 quo
1578 2164 1637 2219 fit,
1682 2166 1729 2205 ut
1754 2163 1920 2218 Byzan·

288 2231 395 2274 tium
421 2235 464 2274 et
489 2231 732 2276 Chalcedon
764 2234 993 2278 videantur
1012 2235 1183 2290 quidem
1206 2234 1359 2278 eadem
1387 2234 1470 2278 loci
1490 2231 1806 2290 opportunitate
1824 2228 1920 2281 frui,

290 2302 336 2341 at
365 2312 451 2342 non
489 2300 696 2345 fruantur.
759 2317 861 2346 nam
904 2317 998 2346 cum
1044 2304 1185 2359 ipsum
1227 2303 1404 2359 Bospori
1446 2302 1601 2345 flumen
1640 2299 1685 2343 in
1720 2296 1920 2354 Byzanti-

289 2381 441 2409 norum
460 2372 627 2423 portum
652 2369 818 2424 influat,
848 2384 996 2414 omnes
1025 2385 1160 2414 naves
1187 2371 1318 2413 etiam
1340 2370 1504 2412 invitae
1528 2369 1583 2410 ad
1608 2381 1704 2411 eum
1726 2366 1920 2409 deferun-

289 2439 369 2489 tur,
421 2435 479 2477 ad
507 2440 677 2491 portum
717 2441 862 2481 autem
899 2438 1276 2482 chalcedoniorum
1320 2436 1530 2492 navigare
1561 2448 1764 2490 magnam
1794 2433 1922 2476 habet

288 2504 588 2547 difficultatem
616 2518 753 2559 neque
773 2505 874 2548 inde
901 2510 1020 2548 recta
1038 2507 1111 2548 via
1134 2506 1191 2548 ad
1213 2505 1476 2561 Byzantinos
1490 2503 1711 2558 pervenire
1731 2506 1922 2558 possunt,

289 2571 366 2616 sed
396 2571 623 2617 asiaticum
655 2572 755 2617 litus
782 2585 916 2628 usque
944 2573 1002 2617 ad
1032 2574 1190 2617 Bovem
1213 2577 1255 2617 et
1277 2571 1571 2629 Chrysopolim
1597 2571 1801 2628 legentes,
1826 2568 1920 2624 ipso

288 2640 418 2683 fluctu
445 2641 501 2683 ab
530 2640 609 2684 hoc
644 2641 739 2684 loco
780 2641 837 2684 ad
877 2642 1134 2698 Byzantium
1176 2640 1420 2684 necessario
1456 2640 1741 2697 impelluntur.
1797 2637 1921 2693 quus

288 2709 404 2751 urbis
434 2709 732 2763 opportunitas
761 2724 844 2765 quo
874 2709 1026 2753 melius
1057 2713 1342 2764 cognoscatur
1364 2708 1565 2764 Polybius
1591 2707 1725 2760 addit,
1750 2710 1920 2759 nautas,

288 2777 362 2832 qui
401 2790 456 2820 ex
483 2776 761 2832 Hellesponto
801 2778 858 2822 ad
886 2778 1067 2822 Pontum
1105 2781 1207 2822 noto
1246 2777 1312 2821 usi
1343 2775 1551 2831 navigent
1590 2779 1634 2819 et
1673 2774 1774 2818 inde
1809 2777 1921 2818 retro

290 2845 447 2897 etesiis,
478 2845 532 2887 ab
556 2846 784 2901 angustiis,
829 2860 940 2900 quae
971 2848 1057 2890 sint
1096 2848 1207 2890 inter
1237 2845 1438 2901 Abydum
1471 2848 1513 2886 et
1539 2844 1721 2897 Sestum,
1746 2842 1804 2885 ad
1834 2843 1920 2897 By—

384 3012 396 3034 ¹
420 3015 542 3047 Herod.
569 3017 601 3058 4,
628 3016 681 3047 88.
740 3014 757 3036 ²
779 3016 888 3053 Strab.
926 3019 1001 3049 319.
1063 3016 1078 3037 ⁸
1101 3019 1189 3051 Plln.
1217 3020 1249 3060 4,
1282 3017 1336 3049 24.
1362 3017 1416 3051 76.
1441 3025 1494 3058 ap.
1519 3016 1657 3056 Dionys.
1682 3014 1821 3055 Byzant.
1844 3021 1919 3054 pro·

288 3073 493 3105 montorium
524 3071 688 3117 Πυρρίας
711 3071 807 3106 κύων
831 3077 892 3116 frg,
919 3078 974 3108 35.
1021 3073 1037 3094 ⁴
1060 3076 1146 3107 Plin.
1172 3077 1204 3117 5,
1229 3076 1285 3107 44.
1309 3075 1326 3114 ἓ
1353 3076 1426 3107 150.
1476 3072 1489 3093 ⁵
1513 3075 1546 3115 4,
1570 3074 1624 3104 43.
1651 3076 1681 3108 6.
