2168 3278
1022 93 1077 138 41

244 217 300 259 ab
346 217 444 260 aliis
485 217 641 260 deinde
682 218 812 261 latius
850 218 1182 280 extendebatur,
1227 224 1273 260 ut
1302 217 1397 274 jam
1435 218 1480 260 in
1518 217 1711 273 foedere,
1751 216 1865 271 qnod

242 285 461 329 Hannibal
491 299 586 329 cum
603 285 797 342 Philippo
812 286 919 340 iniit,
939 284 1097 330 Italiae
1113 286 1284 329 nomine
1301 289 1392 329 tota
1407 290 1522 328 terra
1541 285 1865 339 significaretur,

241 365 352 406 quae
393 356 457 395 est
485 366 512 395 a
541 353 649 395 freto
685 365 818 408 usque
857 352 914 396 ad
943 351 1164 408 Liguriam
1191 347 1235 395 et
1264 351 1451 396 Galliam
1483 351 1752 409 cisalpinam.
1769 354 1781 378 ¹
1838 364 1866 394 a

240 421 418 475 Polybio
448 426 589 463 autem
631 422 767 477 primo
806 421 864 463 ad
902 425 1038 463 totam
1078 421 1378 475 paeninsulam
1416 434 1570 464 nomen
1609 420 1865 462 translatum

241 492 317 542 est,
346 489 516 543 qualem
546 490 639 545 ejus
669 504 790 534 usum
823 490 955 533 multo
986 488 1156 532 demum
1193 493 1291 544 post
1318 489 1539 544 Augustus
1568 486 1740 543 recepit,
1769 500 1864 529 cum

241 568 293 598 ex
320 556 501 609 singulis
540 558 708 613 populis
737 559 936 613 singulae
976 561 1116 600 terrae
1155 556 1487 609 nominarentur,
1522 567 1660 609 neque
1687 553 1749 597 illi
1779 566 1864 596 uno

240 623 393 667 Italiae
421 625 590 668 nomine
619 626 734 681 apud
764 631 929 669 exteros
957 625 1096 681 magis
1124 625 1284 669 usitato
1312 630 1539 669 uterentur.

353 691 391 735 ἱ).
452 693 551 736 Toti
588 694 743 737 Italiae
785 694 991 749 trianguli
1032 694 1213 749 figuram
1254 706 1352 736 esse
1388 694 1557 750 putat‚²
1602 691 1724 747 cujus
1750 691 1865 733 latus

240 759 446 804 orientale
475 761 627 804 fretum
668 761 828 804 ionium
868 762 1004 805 alluat
1041 766 1084 805 et
1111 762 1155 804 in
1184 760 1385 805 continuo
1422 760 1542 804 sinus
1575 758 1864 811 Hadriaticus‚

239 828 506 873 occidentale
551 834 693 873 autem
741 834 783 872 et
826 829 1107 874 meridionale
1156 842 1274 873 mare
1312 830 1537 873 Etruscum
1576 832 1619 872 et
1661 827 1861 872 Siculum.

239 896 407 940 tertium
435 898 546 941 latus
568 898 698 953 Alpes
714 909 820 951 esse,
840 897 912 951 qui
926 901 1090 941 montes
1109 898 1164 941 ab
1188 910 1238 941 eo
1266 897 1372 952 loco,
1403 908 1485 951 quo
1511 909 1606 940 cum
1628 894 1863 951 Apenninis

239 977 370 1018 prope
400 965 637 1007 Massiliam
662 980 709 1008 se
741 967 1017 1021 conjungant,
1057 966 1112 1007 ad
1144 966 1341 1008 intimum
1370 965 1612 1007 Hadriatici
1639 964 1771 1007 maris
1801 977 1863 1005 re-

239 1043 404 1074 cessum
443 1031 527 1076 duo
569 1032 689 1075 milia
731 1033 915 1077 ducenta
952 1033 1188 1077 stadiorum
1228 1032 1511 1088 porrigantur,
1556 1032 1613 1076 ad
1649 1045 1774 1087 quem
1803 1044 1864 1074 re-

239 1112 404 1141 cessum
440 1105 604 1141 montes
643 1114 728 1142 non
767 1102 978 1154 pertinere
1009 1101 1125 1153 dicit,
1165 1100 1240 1141 sed
1272 1105 1400 1141 antea
1439 1100 1648 1142 desinere.
1664 1102 1681 1126 ³
1730 1099 1863 1152 Alpes

239 1166 362 1220 quasi
393 1166 530 1210 basim
560 1166 684 1223 hujus
714 1168 922 1222 trianguli
951 1181 1058 1221 esse,
1106 1167 1228 1222 cujus
1254 1180 1458 1210 cacumen
1488 1167 1644 1210 Italiae
1666 1180 1862 1222 promon-

237 1234 389 1276 torium
422 1234 684 1291 Cocynthum
711 1235 916 1289 nominat,
946 1234 1058 1290 quod
1089 1234 1309 1277 meridiem
1333 1246 1482 1277 versus
1510 1238 1719 1278 excurrat.
1748 1232 1862 1289 quod

237 1303 568 1358 promontorium
600 1303 676 1347 hoc
704 1303 874 1347 nomine
903 1303 1179 1358 significetur,
1213 1303 1257 1345 in
1289 1302 1419 1346 dubio
1449 1307 1525 1345 est.
1582 1307 1718 1345 totam
1748 1301 1861 1344 enim

237 1382 355 1412 oram
383 1383 410 1411 a
436 1370 599 1424 Rhegio
638 1371 695 1414 ad
725 1372 958 1414 Tarentum
1004 1371 1047 1414 in
1092 1383 1211 1413 mare
1254 1370 1442 1413 Siculum
1484 1374 1526 1413 et
1559 1369 1785 1414 Graeciam
1817 1381 1864 1412 se

236 1441 400 1479 vertere
427 1437 575 1491 dicim
615 1438 879 1493 Cocynthum
911 1442 1051 1481 autem
1092 1451 1210 1480 mare
1240 1437 1431 1480 Siculum
1460 1450 1488 1479 a
1517 1437 1625 1480 freto
1654 1436 1769 1479 ionio
1799 1449 1862 1478 se-

236 1507 434 1557 parare.⁵
490 1519 621 1559 quare
657 1506 768 1549 inter
809 1505 1019 1560 Rhegium
1065 1509 1108 1547 et
1136 1506 1370 1548 Tarentum
1409 1504 1487 1548 hoc
1528 1503 1862 1558 promontorium

152 1579 161 1587 ‘
236 1583 321 1612 non
362 1573 604 1626 ponendum
650 1578 724 1616 est.
792 1574 926 1628 ipsius
957 1577 1096 1615 autem
1137 1572 1354 1628 Japygiae
1384 1572 1718 1627 promontorium
1756 1569 1863 1627 ἄκρα

235 1634 419 1693 Ἰαπυγία
449 1653 475 1682 a
499 1640 676 1696 Polybio
699 1645 888 1684 vocatur.
904 1644 921 1670 ⁶

348 1706 386 1749 3.
446 1706 584 1758 Quam
617 1708 661 1750 in
711 1708 927 1763 regionem
957 1709 1160 1765 Polybius
1212 1708 1323 1751 hanc
1351 1709 1650 1764 paeninsulam
1690 1707 1861 1751 extendi

235 1777 420 1828 censeat,
450 1787 502 1817 ex
541 1776 755 1831 triangulo
793 1780 984 1833 apparet,
1010 1790 1093 1832 quo
1132 1776 1188 1820 ad
1219 1776 1551 1833 computandum
1590 1775 1862 1820 intervallum

235 1841 378 1895 utitur,
411 1843 522 1895 quod
562 1846 627 1885 est
670 1844 782 1886 inter
818 1844 1010 1888 Siciliam
1043 1850 1086 1887 et
1131 1845 1352 1888 columnas
1390 1845 1635 1887 Herculeas.
1690 1843 1861 1886 Italiam

233 1906 363 1962 igitur
388 1923 488 1952 vero
520 1910 660 1965 magis
699 1911 744 1953 in
774 1912 980 1955 orientem
1008 1913 1229 1956 hibernum
1266 1918 1506 1968 porrectam
1540 1926 1636 1955 esse
1666 1912 1861 1967 putabat,

234 1987 315 2030 quo
345 1975 506 2019 factum
536 1982 613 2031 est,
644 1982 690 2021 ut
715 1979 843 2022 etiam
873 1979 927 2023 de
956 1980 1031 2024 illo
1054 1980 1278 2024 intervallo
1306 1984 1476 2023 erraret.

346 2045 676 2099 Longitudinem
712 2060 813 2089 orae
841 2062 868 2090 a
894 2048 1095 2090 Narbone
1129 2048 1186 2090 ad
1217 2049 1372 2091 fretum
1400 2049 1587 2091 Siculum
1625 2046 1861 2090 stadiorum

233 2110 430 2154 undecim
478 2113 598 2156 milia
647 2114 833 2157 ducenta
883 2128 979 2158 eum
1025 2114 1226 2159 habuisse
1263 2116 1359 2171 Jam
1412 2128 1543 2171 supra
1587 2111 1810 2168 diximus,’
1834 2127 1861 2155 a

234 2179 432 2222 Massilia
481 2180 613 2235 igitur
659 2181 747 2225 fere
793 2181 940 2224 decem
987 2181 1107 2224 milia
1149 2186 1285 2226 erant.
1342 2196 1369 2226 a
1415 2183 1524 2226 freto
1564 2182 1621 2225 ad
1663 2194 1859 2237 promon-

235 2247 390 2289 torium
437 2249 655 2304 Japygiae
704 2254 818 2292 terra
867 2263 963 2292 esse
1010 2251 1093 2291 tria
1146 2251 1289 2304 milia,
1350 2251 1658 2304 navigantibus
1715 2253 1859 2291 autem

234 2326 309 2370 per
350 2327 468 2359 mare
513 2315 701 2360 Siculum
733 2316 816 2360 duo
857 2317 978 2361 milia
1022 2317 1269 2373 quingenta.
1286 2320 1301 2347 ⁷
1359 2317 1430 2373 qui
1467 2331 1668 2362 numerus
1702 2317 1859 2362 discre-

234 2395 337 2437 pare
364 2384 531 2426 videtur
559 2385 615 2426 ab
645 2385 731 2427 alio
758 2386 896 2439 1000,ss
943 2398 1025 2439 quo
1047 2385 1198 2428 fretum
1239 2386 1344 2428 dicit
1375 2400 1403 2429 a
1439 2386 1641 2440 Lacinio,
1676 2384 1859 2429 Junonis

232 2450 404 2506 templo,
449 2452 757 2506 navigantibus
794 2453 910 2495 mille
938 2457 1129 2495 trecenta
1160 2453 1303 2496 stadia
1340 2455 1504 2509 abesse,
1544 2454 1656 2497 unde
1683 2453 1740 2496 ad
1766 2465 1860 2508 pro-

232 2518 485 2562 montorium
516 2519 732 2575 Japygiae
771 2521 1045 2575 septingenta
1084 2520 1170 2563 sint
1206 2521 1363 2565 stadia.
1430 2523 1566 2577 major
1603 2526 1746 2564 autem
1785 2520 1859 2562 ille

231 2597 432 2629 numerus
470 2586 675 2631 ambitum
720 2587 938 2643 significat
976 2589 1096 2632 sinus
1130 2589 1361 2645 Tarentini,
1402 2590 1677 2646 septingenta
1715 2593 1858 2632 autem

231 2653 376 2696 stadia
402 2655 609 2698 directum
633 2668 798 2699 cursum
827 2670 854 2699 a
882 2656 1060 2699 Lacinio
1080 2657 1136 2699 ad
1162 2657 1409 2713 Japygiam.
1464 2657 1564 2701 inde
1592 2657 1757 2701 viarum
1782 2656 1858 2698 mi-

229 2721 408 2765 liaribus
434 2736 535 2766 usus
566 2729 642 2777 est,
660 2727 675 2752 ⁹
714 2729 756 2767 et
796 2725 1030 2780 quingenta
1068 2725 1295 2779 sexaginta
1333 2726 1416 2770 duo
1455 2727 1576 2769 milia
1613 2726 1671 2769 ad
1700 2726 1859 2768 Senam

233 2802 328 2833 esse
372 2789 476 2833 dicit
517 2791 646 2844 (4683
694 2792 929 2836 stadiorum
969 2792 1327 2850 Polybianorum)‚
1371 2797 1414 2837 et
1452 2794 1509 2837 ab
1554 2794 1630 2837 hoc
1669 2793 1761 2836 loco
1800 2791 1858 2835 ad

230 2857 470 2912 Aquilejam
499 2865 668 2901 centum
695 2862 972 2915 septuaginta
1002 2866 1097 2904 octo
1124 2861 1244 2903 milia
1275 2861 1407 2916 (1483
1439 2861 1620 2916 stadia),
1648 2865 1695 2902 ut
1723 2864 1855 2902 totam

323 2971 333 2993 ¹
361 2976 391 3015 7,
417 2975 448 3008 9.
474 2976 504 3008 6.
570 2973 585 2994 ²
608 2976 641 3016 2,
671 2977 720 3008 14.
747 2978 778 3007 4.
841 2975 855 2995 ³
882 2978 911 3018 2,
948 2979 998 3007 14.
1035 2979 1063 3010 6.
1102 2979 1141 3008 cf.
1169 2979 1199 3017 3,
1226 2980 1278 3010 47.
1304 2979 1335 3008 4.
1391 2975 1407 2995 ⁴
1437 2979 1486 3014 10,
1515 2979 1542 3007 1.
1579 2978 1619 3008 cf.
1646 2978 1858 3010 Stnbsan.

231 3028 295 3071 ⁶2,
327 3032 378 3065 14.
405 3033 435 3062 5.
483 3028 703 3074 ⁸10,1.34‚
733 3034 782 3063 11.
814 3035 865 3066 ιι.
917 3031 929 3052 ²
954 3032 1059 3066 strab.
1087 3034 1162 3068 211.
1212 3031 1227 3051 ⁸
1251 3033 1293 3065 id,
1322 3036 1397 3067 261.
1447 3031 1463 3051 ⁹
1486 3033 1520 3065 id
1556 3034 1632 3066 285.

1987 1635 2011 1649 f
