2168 3278
1115 122 1142 166 8

308 257 363 288 ex
383 243 559 288 meliore
578 257 658 288 sua
678 244 862 289 seientia
888 245 1113 289 itineribus
1140 250 1266 301 parta
1288 256 1363 289 eos
1393 246 1642 291 emendans.
1676 244 1755 295 tali
1765 245 1937 291 ratione

306 310 362 355 dc
390 311 569 368 Pythea,
589 313 602 338 ¹
634 311 912 368 Dicaearcho,
928 314 947 342 ⁸
987 312 1282 366 Eratosthene,
1298 315 1315 341 ⁸
1346 312 1575 369 ,iudicavit
1609 313 1743 358 etiam
1770 314 1825 357 de
1853 314 1935 357 Eu-

307 379 432 432 doxo,
446 382 466 408 ⁴
494 380 707 436 Ephoro,⁶
733 380 925 434 Timaeo,
941 383 961 407 ⁸
988 382 1158 423 Zenone
1183 380 1360 429 Rhodio,
1376 381 1392 407 ²
1424 382 1741 425 Demosthene⁸
1769 384 1936 424 κτίσεων

305 446 524 504 scriptore.
1263 498 1269 506 ,

421 515 488 558 13.
534 517 629 558 Non
668 516 814 558 omnia
853 519 1007 569 autem,
1051 528 1163 568 quae
1204 514 1259 557 de
1299 514 1465 570 Polybii
1511 518 1780 572 geographia
1814 517 1934 559 nobis

304 581 543 637 traduntur,
565 596 619 627 ex
643 582 919 627 historiarum
940 582 1060 626 libris
1085 582 1312 638 desumpta
1330 586 1441 625 sunt.
1467 583 1577 637 quod
1597 597 1650 627 ex
1665 584 1728 628 eis
1744 586 1935 640 apparet,

306 663 417 703 quae
445 650 601 693 Strabo
630 654 779 693 narrat
804 654 846 693 et
872 663 985 704 quae
1011 649 1216 697 Geminus
1247 650 1400 692 eadem
1425 650 1480 693 de
1504 665 1560 694 re.
1609 652 1764 695 Strabo
1783 654 1799 681 ⁹
1820 650 1933 694 enim

304 717 359 760 de
389 718 508 761 zonis
547 718 753 773 dicturus,
795 718 949 773 quibus
982 718 1185 779 Polybius
1228 720 1362 760 totam
1393 722 1549 762 terram
1591 719 1795 774 diviserit,
1827 719 1933 761 libro

303 784 518 828 tricesimo
564 790 715 839 quarto
760 786 853 828 sine
882 786 1009 828 dubio
1041 798 1145 828 usus
1182 789 1259 828 est.
1317 786 1576 839 sententiam
1606 787 1737 841 igitur
1767 782 1933 841 Polybii

306 853 348 896 in
378 866 429 897 eo
458 852 646 910 legebat,
675 866 826 898 zonam
846 853 925 898 sub
948 853 1255 909 aequinoctiali
1278 853 1405 898 sitam
1435 854 1556 898 caelo
1583 854 1666 898 frui
1689 857 1933 910 temperato.

305 921 486 964 eandem
519 924 776 965 sententiam
821 937 875 965 ex
912 921 1085 975 Polybio
1117 921 1322 965 Geminus
1338 926 1376 950 10
1407 923 1524 978 citat,
1570 924 1645 968 sed
1686 923 1818 975 addit,
1858 922 1933 964 Po-

304 989 467 1046 lybium
494 989 648 1033 librum
674 1003 727 1033 ea
758 990 809 1033 de
839 1003 885 1033 re
913 990 1153 1044 scripsisse,
1197 990 1271 1043 qui
1301 990 1562 1035 inscribatur
1590 992 1644 1034 de
1671 989 1933 1034 habitatione

304 1057 419 1100 circa
465 1057 835 1112 aequinoctialem.
922 1056 1357 1112 Schweighaeuserus
1407 1059 1579 1113 quidem
1624 1059 1733 1102 hunc
1779 1058 1931 1105 librum

302 1125 507 1167 tricesimi
532 1126 673 1178 quarti
701 1135 867 1180 partem
903 1139 999 1168 esse
1043 1130 1179 1180 putat,
1223 1125 1302 1168 sed
1341 1139 1511 1179 causae,
1558 1140 1664 1179 quas
1695 1126 1847 1168 Strabo
1879 1137 1931 1166 ex

303 1191 481 1249 Polybio
521 1192 666 1246 affert,
711 1205 882 1249 prorsus
929 1192 983 1236 de
1029 1193 1092 1236 eis
1130 1192 1356 1248 decedunt,
1404 1207 1512 1248 quas
1559 1193 1675 1249 apud
1709 1192 1931 1237 Geminum

302 1260 486 1314 legimus
515 1264 559 1302 et
586 1261 718 1315 paulo
741 1260 855 1303 infra
880 1261 1132 1316 descripturi
1159 1273 1318 1310 sumus,
1345 1263 1418 1315 qui
1441 1261 1534 1304 sine
1561 1261 1690 1303 dubio
1709 1274 1762 1302 ex
1784 1260 1931 1302 eodem

302 1326 507 1382 scriptore
536 1339 639 1371 suas
670 1326 811 1372 habet.
872 1328 1012 1383 ipsam
1043 1332 1185 1371 autem
1214 1327 1324 1371 hanc
1352 1340 1541 1382 causam,
1573 1340 1699 1383 quam
1729 1326 1932 1371 Geminus

302 1394 479 1451 Polybio
509 1394 717 1448 attribuit,
749 1395 903 1438 Strabo
927 1395 1143 1438 Posidonii
1172 1396 1431 1438 senteutiam
1450 1408 1545 1438 esse
1573 1395 1688 1449 dicit,
1719 1395 1790 1448 qui
1816 1394 1931 1449 apud

301 1462 555 1504 Strabonem
596 1462 820 1517 Polybium
860 1468 1030 1518 propter
1067 1475 1243 1510 causam
1256 1495 1267 1516 ,
1317 1476 1446 1516 quam
1494 1463 1661 1516 dixerit,
1705 1463 1929 1517 vituperat,

300 1541 438 1583 neque
468 1529 601 1572 aliam
634 1529 728 1584 ejus
775 1542 984 1584 cognosse
1026 1530 1206 1574 videtur.
1265 1530 1519 1573 Posidonius
1551 1535 1694 1573 autem
1730 1530 1824 1584 ipse
1852 1528 1932 1571 hac

300 1596 345 1639 in
367 1596 575 1639 divisione
595 1601 806 1639 terrarum
826 1598 1067 1652 pugnantia
1096 1611 1240 1641 secum
1270 1598 1438 1640 dixerat
1468 1603 1510 1639 et
1537 1596 1792 1640 sententiam
1810 1609 1929 1638 suam

300 1667 553 1707 mutaverat.
572 1664 610 1690 ¹¹
668 1665 852 1708 fortasse
892 1664 987 1720 jam
1017 1665 1334 1717 Eratosthenes,
1380 1664 1454 1719 qui
1485 1664 1646 1720 primus
1675 1665 1754 1706 sub
1784 1662 1929 1717 aequi·

299 1732 478 1776 noctiali
493 1737 776 1788 temperatum
793 1746 887 1776 esse
907 1734 1073 1776 caelum
1089 1737 1330 1789 putaverat,
1353 1732 1533 1775 similem
1550 1745 1724 1775 causam
1742 1731 1931 1787 protulit,

300 1813 429 1854 quam
460 1804 630 1843 secutus
660 1805 812 1855 postea
838 1798 1042 1857 Polybius
1072 1801 1267 1843 mutavit.
1319 1800 1396 1843 hoc
1420 1799 1590 1853 quidem
1609 1804 1789 1853 constat,
1814 1799 1929 1842 Stra-

300 1867 453 1910 bonem
479 1872 522 1910 et
542 1868 815 1911 Posidonium
836 1868 881 1910 in
897 1868 1064 1924 Polybii
1087 1869 1195 1911 libro
1213 1868 1427 1911 tricesimo
1444 1871 1596 1921 quarto
1621 1867 1739 1910 aliud
1761 1867 1931 1922 legisse,

300 1948 353 1977 ac
381 1934 610 1978 Geminum
640 1936 684 1979 in
716 1935 910 1991 ejusdem
940 1935 1048 1979 libro
1077 1949 1129 1979 ea
1159 1936 1214 1979 de
1236 1949 1281 1979 re
1310 1935 1562 1990 conscripto,
1592 1934 1703 1989 quod
1721 1934 1929 1978 declarari

298 2015 384 2045 non
415 2007 570 2059 potest,
607 2004 691 2047 nisi
723 2004 855 2046 alium
886 2004 1020 2046 fuisse
1047 2004 1200 2047 librum
1232 2007 1486 2055 statuamus,
1516 2002 1608 2045 sive
1636 2007 1737 2045 ante
1766 2002 1929 2045 histori-

299 2083 420 2114 arum
451 2071 582 2114 libros
611 2071 875 2128 conscriptos
904 2072 996 2116 sive
1023 2077 1120 2128 post
1149 2085 1233 2127 eos,
1262 2085 1346 2127 quo
1374 2070 1630 2115 sententiam
1652 2084 1774 2114 suam
1804 2084 1927 2127 sepa-

278 2142 391 2183 Yato
416 2140 510 2183 loco
539 2140 742 2194 Polybius
773 2140 1032 2197 exposuerit.

411 2208 477 2250 14.
530 2209 676 2251 Etiam
698 2209 886 2264 periplus
907 2221 1009 2251 orae
1025 2209 1207 2264 libycae,
1238 2220 1363 2262 quem
1395 2206 1558 2251 Plinius
1585 2206 1708 2250 nobis
1728 2207 1874 2261 tradit,
1891 2209 1928 2234 ¹2

295 2275 389 2318 sine
419 2276 549 2318 dubio
585 2290 723 2330 neque
761 2277 869 2319 libro
907 2276 1122 2319 tricesimo
1163 2282 1328 2332 quarto,
1371 2288 1509 2329 neque
1540 2274 1627 2317 alio
1657 2275 1926 2318 historiarum

295 2343 598 2386 attribuendus
655 2349 731 2386 est.
815 2338 1108 2386 Artemidorus
1154 2343 1266 2385 enim
1317 2348 1359 2385 et
1401 2343 1555 2386 Strabo
1572 2345 1609 2369 ¹3
1659 2343 1929 2385 vehementer

296 2409 593 2454 Eratosthenis
649 2410 980 2454 occidentalium
1033 2411 1256 2464 regionum
1311 2410 1527 2453 inscitiam
1570 2410 1837 2465 vituperant,
1887 2415 1930 2452 et

296 2478 496 2533 maxime,
529 2478 645 2532 quod
666 2478 708 2520 in
734 2482 879 2521 extero
910 2478 1017 2519 mari
1047 2477 1105 2519 ad
1135 2490 1254 2519 oram
1280 2477 1468 2533 libycam
1493 2477 1649 2519 multas
1678 2478 1802 2521 urbes
1832 2489 1928 2519 esse

294 2546 514 2602 scripserit
539 2552 581 2590 et
599 2546 784 2590 insulam
816 2546 995 2600 Cernen,
1021 2559 1130 2599 quae
1147 2546 1320 2589 omnino
1349 2559 1435 2588 non
1463 2550 1642 2588 exstent.
1672 2545 1817 2599 itaque
1829 2558 1924 2588 cum

293 2615 448 2659 Strabo
480 2615 708 2673 Polybium
739 2613 919 2658 maximi
948 2614 1210 2670 aestimaret,
1252 2614 1326 2669 qui
1372 2612 1463 2656 fieri
1503 2612 1655 2669 potuit,
1700 2617 1747 2656 ut
1774 2612 1925 2657 librum

292 2684 399 2739 ejus,
445 2697 572 2738 quem
620 2684 750 2739 paulo
793 2688 894 2726 ante
936 2683 1151 2738 copiosius
1191 2686 1465 2736 tractaverat,
1511 2682 1591 2725 hac
1631 2682 1674 2724 in
1714 2695 1759 2725 re
1798 2683 1926 2738 plane

390 2878 400 2899 ¹
424 2880 529 2915 strab.
557 2881 589 2923 2,
614 2890 645 2921 p.
675 2883 750 2914 104.
799 2881 832 2922 4,
858 2889 890 2921 p.
917 2882 992 2913 190.
1045 2878 1060 2898 ²
1083 2880 1126 2911 id.
1153 2889 1184 2921 p.
1214 2881 1290 2914 104,
1339 2875 1415 2909 ⁸ib.
1464 2874 1479 2895 ⁴
1503 2877 1548 2908 id.
1577 2879 1629 2919 10,
1656 2886 1687 2918 p.
1714 2878 1790 2908 465.
1840 2872 1854 2897 ⁵
1876 2878 1921 2908 ib.

293 2934 308 2955 ⁸
333 2937 406 2971 Pol.
435 2938 487 2971 12.
513 2939 555 2970 cf.
582 2939 636 2979 34,
664 2939 715 2969 10.
742 2938 772 2969 5.
820 2936 928 2970 strab.
953 2947 985 2979 p.
1015 2938 1090 2969 183.
1140 2935 1152 2955 ⁷
1181 2938 1233 2978 16,
1261 2937 1311 2969 16.
1337 2944 1432 2976 sequ.
1482 2933 1497 2953 ⁸
1524 2935 1576 2976 12,
1603 2937 1631 2965 1.
1657 2936 1689 2967 5.
1739 2931 1925 2975 988ηὶ).2,

294 3005 331 3036 p.
357 2996 410 3025 97.
479 2994 508 3014 ¹⁰
531 2995 697 3025 elementa
720 2999 843 3026 astron.
874 2996 924 3030 13,
960 3005 1013 3036 ap.
1049 2995 1163 3028 PotaV.
1187 2993 1324 3026 Uranol.
1348 3002 1381 3034 p.
1408 2994 1461 3025 54.
1525 2990 1551 3012 ¹¹
1577 2993 1684 3033 Strab,
1720 3003 1752 3033 p.
1779 2992 1922 3026 97-98,

297 3049 327 3070 ¹²
349 3051 437 3084 Plin.
462 3053 494 3093 5,
527 3054 552 3082 l.
579 3051 610 3083 8.
664 3049 692 3070 ¹³
716 3050 823 3083 strab.
852 3055 881 3094 1,
907 3063 937 3094 p.
966 3053 1019 3087 47.
1073 3054 1123 3093 17,
1148 3061 1181 3093 p,
1208 3052 1287 3084 826.
1313 3060 1346 3093 p.
1372 3052 1447 3085 829,
