2168 3278
986 85 1072 132 -29

155 199 159 205 ¹
236 223 265 255 a
291 209 459 267 campis
484 207 572 254 illis
602 210 659 255 ad
687 211 947 269 Emporium,
976 215 1024 257 ut
1052 210 1189 256 nostri
1218 210 1391 266 quidem
1407 209 1505 255 libri
1534 209 1721 266 tradunt,
1747 207 1862 253 4200

234 283 347 334 sunt,
378 291 406 322 a
435 291 519 334 quo
548 280 641 323 loco
666 280 723 324 ad
753 279 1057 336 Carthaginem
1093 293 1250 324 novam
1270 278 1397 334 4200,
1423 283 1470 323 ut
1498 278 1735 322 stadiorum
1764 282 1861 321 octo

234 345 355 390 milia
383 347 701 404 quadringenta
741 350 994 395 efficiantur.
1049 349 1179 392 etiam
1209 348 1254 391 in
1291 361 1342 392 eo
1371 360 1559 401 numerO,
1604 346 1675 401 qui
1704 359 1732 389 a
1757 345 1860 389 Car-

234 414 410 471 thagine
438 429 551 459 nova
581 417 637 460 ad
660 417 913 475 ‘Emporium
943 416 1130 461 traditus
1170 420 1248 470 est,
1292 417 1381 459 fere
1426 415 1674 470 octingenta
1719 414 1861 457 stadia

234 483 385 526 deesse
412 484 619 528 videmus.
663 487 720 530 ad
759 486 836 529 illa
870 486 1005 541 igitur
1036 483 1272 528 stadiorum
1315 488 1479 539 septem
1508 483 1627 526 milia
1674 482 1859 525 ducenta

234 549 480 607 adjicienda
526 566 621 598 esse
671 554 759 598 fere
810 557 1016 598 sexcenta
1066 551 1211 596 stadia
1267 551 1323 594 ab
1379 550 1578 607 Emporio
1629 549 1687 594 ad
1731 550 1857 606 Pyre-

235 632 437 663 naeorum
485 620 612 664 finem
666 622 780 664 docti
832 622 912 664 viri
954 625 1130 677 putant,
1188 623 1235 662 ut
1288 633 1490 662 numerus
1546 625 1641 662 octo
1694 619 1858 661 milium

234 701 261 730 a
304 685 512 732 columnis
554 688 611 732 ad
652 690 908 744 Pyrenaeos,
948 693 991 731 et
1020 700 1170 731 novem
1200 687 1367 730 milium
1397 700 1425 729 a
1456 688 1716 742 Carthagine
1745 700 1857 729 nova

232 755 289 798 ad
327 756 496 812 Alpium
538 757 789 800 descensum
838 757 928 799 fere
967 756 1241 811 compleatur.
1314 755 1444 797 etiam
1489 755 1642 798 Strabo
1660 759 1671 781 ¹
1726 754 1857 810 paulo

234 824 374 868 minus
404 829 499 868 octo
529 825 651 868 milia
676 838 704 868 a
733 824 935 868 Narbone
977 824 1033 868 ad
1063 824 1282 868 columnas
1327 836 1423 866 eum
1464 835 1709 866 numerasse
1740 821 1857 875 dicit,

233 893 401 947 qualem
447 906 690 936 mensuram
727 893 858 935 etiam
898 906 925 935 a
966 893 1200 949 Pyrenaeis
1240 892 1297 935 ad
1343 891 1515 935 easdem
1555 891 1700 946 tradit,
1742 891 1857 933 unde

231 965 423 1017 apparet,
452 960 676 1016 Polybium
705 974 789 1004 non
827 961 972 1016 procul
997 974 1024 1004 a
1055 961 1258 1005 Narbone
1287 962 1602 1017 Pyrenaeorum
1627 960 1752 1003 finem
1783 971 1856 1014 po-

231 1027 378 1071 suisse.
409 1029 574 1071 Iberiae
603 1028 736 1082 igitur
764 1041 866 1071 orae
897 1029 1209 1084 longitudinem
1240 1028 1413 1071 nimiam
1443 1028 1572 1071 habet
1603 1032 1645 1070 et
1672 1028 1727 1069 ab
1755 1027 1858 1068 Era·

231 1095 436 1139 tosthenis
467 1109 666 1139 mensura
703 1101 866 1152 septem
907 1097 1028 1139 milia
1067 1111 1095 1140 a
1125 1097 1333 1151 Massilia,
1375 1110 1450 1139 sex
1478 1111 1505 1138 a
1535 1094 1767 1152 Pyrenaeis
1797 1092 1855 1135 ad

230 1163 449 1207 columnas
479 1163 659 1207 dicentis
675 1165 691 1191 2
720 1168 942 1219 tantopere
969 1163 1148 1207 decedit.
1176 1168 1381 1218 quantam
1412 1168 1554 1206 autem
1584 1161 1854 1205 latitudinem

228 1232 359 1276 totius
405 1232 687 1288 paeninsulae
729 1232 935 1288 habuerit,
978 1247 1005 1277 a
1047 1233 1278 1290 Pyrenaeis
1307 1233 1363 1276 ad
1405 1246 1522 1276 mare
1553 1235 1756 1282 exterum,
1800 1242 1854 1271 ex

229 1300 497 1354 longitudine
526 1301 637 1354 Tagi
660 1301 778 1344 fluvii
808 1301 953 1344 videre
988 1314 1225 1356 possumus,
1257 1314 1382 1355 quem
1412 1315 1439 1344 a
1465 1302 1583 1343 fonte
1613 1300 1671 1342 ad
1697 1298 1852 1341 ostium

228 1371 323 1410 octo
351 1367 471 1410 milia
497 1367 733 1411 stadiorum
755 1369 929 1424 longum
954 1382 1047 1412 esse
1071 1373 1208 1424 putat.
1225 1370 1242 1396 ³

341 1435 381 1477 4.
449 1436 512 1478 De
550 1436 762 1479 montibus
810 1436 934 1491 hujus
982 1436 1264 1492 paeninsulae
1308 1436 1414 1479 nulli
1460 1438 1851 1488 commemorantur,

228 1503 310 1546 nisi
353 1503 561 1559 Pyrenaei
597 1500 638 1561 (ἡ
668 1503 841 1562 Πυρήνη,
858 1507 876 1532 ⁴
913 1504 965 1547 τὰ
1008 1510 1217 1561 Πυρηναῖα
1251 1503 1327 1562 ὄρη
1341 1507 1375 1559 ⁵)
1421 1505 1492 1559 qui
1532 1504 1676 1548 Celtas
1719 1503 1850 1546 etiam

228 1572 272 1614 in
317 1571 423 1626 ipsis
471 1572 686 1615 montibus
728 1572 970 1616 habitantes
1010 1574 1065 1616 ab
1108 1572 1244 1617 Iberis
1289 1575 1548 1628 separant,⁶
1595 1576 1637 1615 et
1685 1575 1851 1613 montes

229 1653 358 1696 prope
387 1640 626 1694 Saguntum
654 1641 712 1684 ad
742 1654 859 1684 mare
901 1641 1156 1697 desinentes,
1200 1641 1272 1696 qui
1303 1641 1448 1684 Iberos
1477 1654 1504 1683 a
1525 1639 1749 1684 Celtiberis
1787 1652 1851 1682 se-

222 1708 422 1764 jungunt.
437 1709 452 1735 ⁷

347 1776 410 1819 Ex
438 1775 577 1819 fluviis
608 1781 751 1820 autem
781 1776 1055 1821 nominantur
1080 1782 1249 1833 praeter
1272 1777 1411 1834 ipsum
1437 1777 1606 1820 Iberum
1635 1776 1779 1820 Baetis
1807 1779 1849 1818 et

228 1845 360 1898 Anas,
374 1845 389 1869 ⁸
416 1843 488 1898 qui
516 1857 568 1886 ex
584 1844 813 1888 Celtiberia
840 1845 976 1888 fluunt
1005 1846 1092 1889 fere
1108 1850 1326 1901 nongenta
1346 1845 1490 1889 stadia
1514 1859 1541 1888 a
1557 1859 1603 1889 se
1626 1845 1852 1888 distantes,

229 1913 410 1966 Tagus⁹
451 1911 495 1953 in
524 1912 759 1967 Lusitania,
806 1913 1038 1957 secundum
1086 1926 1209 1967 quem
1247 1914 1302 1956 ab
1341 1914 1613 1957 Hasdrubale
1638 1913 1695 1955 ad
1725 1913 1852 1968 Pyre-

226 1992 357 2022 naeos
404 1980 484 2021 iter
523 1993 618 2023 esse
657 1981 818 2024 factum
863 1981 980 2025 dicit.
1045 1982 1097 2025 de
1141 1982 1408 2037 longitudine
1453 1983 1546 2038 ejus
1581 1982 1675 2037 jam
1719 1993 1851 2036 supra

226 2047 422 2090 diximus.

340 2115 378 2157 5.
436 2115 560 2158 Hanc
595 2115 894 2171 paeninsulam
924 2117 1035 2160 Iberi
1072 2117 1264 2162 incolunt
1295 2123 1337 2162 et
1378 2118 1444 2162 his
1474 2119 1606 2162 vicini
1649 2118 1694 2160 in
1720 2109 1851 2161 medi-

226 2183 433 2226 terraneis
452 2183 668 2238 Celtiberi,
695 2184 850 2238 quibus
871 2184 1112 2228 nominibus
1133 2187 1370 2242 complures
1398 2191 1551 2242 gentes
1579 2186 1850 2243 comprehen-

226 2251 395 2304 duntur,
425 2253 594 2306 praeter
610 2250 685 2294 hos
717 2252 793 2294 alii
812 2252 972 2308 populi,
996 2253 1069 2307 qui
1090 2254 1206 2297 nullo
1236 2254 1450 2297 communi
1470 2254 1641 2297 nomine
1663 2259 1850 2308 utuntur,

226 2323 301 2361 aut
322 2318 374 2361 de
405 2318 558 2372 quibus
584 2332 668 2362 non
682 2324 863 2374 constat,
892 2324 1032 2363 utrum
1050 2321 1184 2364 Iberis
1214 2336 1270 2364 an
1294 2322 1516 2365 Celtiberis
1549 2335 1623 2365 eos
1647 2322 1850 2377 Polybius

225 2385 592 2441 adnumeraverit,
638 2388 785 2441 quales
831 2392 930 2431 sunt
975 2389 1229 2445 Turdetani,
1274 2390 1468 2445 Turduli,
1512 2390 1739 2447 Carpetani
1782 2390 1851 2433 vel

225 2454 430 2510 Carpesii,
459 2454 657 2504 Vaccaei,
697 2456 906 2511 Lusitani,
944 2457 1105 2512 Celtici,
1138 2458 1272 2502 Conii.
1330 2459 1653 2503 Eratosthenem
1694 2463 1851 2513 autem,

225 2522 298 2577 qui
313 2518 600 2577 antiquiorum
622 2524 810 2566 omnium
826 2524 1069 2580 opinionem
1090 2530 1260 2569 secutus
1289 2531 1423 2570 totum
1440 2528 1638 2583 Europae
1666 2531 1850 2569 tractum

225 2590 532 2633 occidentalem
563 2590 707 2634 Celtas
736 2605 868 2646 usque
884 2592 940 2635 ad
957 2594 1102 2637 Gades
1133 2594 1325 2637 habitare
1345 2595 1525 2649 dixerat,
1543 2599 1715 2650 propter
1740 2595 1850 2638 hanc

224 2657 467 2713 opinionem
495 2658 695 2715 Polybius
723 2659 948 2716 vituperat.
965 2663 1003 2689 ¹⁰

337 2726 376 2769 6.
428 2727 567 2781 Atque
596 2727 707 2770 Iberi
736 2728 907 2782 quidem
937 2729 1121 2773 Iberiam
1155 2730 1346 2773 incolunt
1374 2735 1416 2774 et
1449 2735 1583 2775 totam
1615 2737 1762 2776 tenent
1786 2734 1848 2776 in·

220 2792 333 2836 terni
371 2794 503 2838 maris
548 2807 667 2839 oram
703 2808 731 2839 a
760 2797 994 2854 Pyrenaeis
1035 2797 1093 2841 ad
1132 2798 1364 2842 columnas,
1428 2799 1483 2843 de
1520 2800 1675 2857 opibus
1704 2814 1848 2845 eorum

224 2860 353 2903 etiam
378 2861 580 2916 Polybius
598 2863 766 2908 dixerat
791 2869 833 2908 et
857 2865 995 2921 reguli
1010 2866 1248 2922 cujusdam,
1277 2867 1351 2922 qui
1370 2868 1610 2912 Phaeacum
1636 2870 1849 2914 luxuriam

315 2972 458 3007 'simu
497 2977 572 3009 106.
607 2987 608 2990 =
637 2975 654 2994 ²
677 2979 722 3009 ib.
784 2976 799 2999 ²
821 2981 877 3023 34,
910 2982 941 3013 7.
977 2982 1010 3014 5.
1067 2979 1084 3001 ⁴
1107 2984 1139 3025 3,
1173 2984 1229 3016 35.
1258 2984 1288 3015 2.
1352 2985 1403 3024 10,
1437 2985 1490 3017 39.
1525 2985 1556 3019 8.
1629 2983 1643 3005 ⁵
1668 2987 1700 3023 3,
1732 2986 1787 3018 35.
1814 2988 1846 3019 3.

220 3029 235 3050 ⁶
263 3033 314 3073 ιο,
341 3033 393 3065 39.
420 3033 450 3064 8.
500 3030 514 3052 τ
539 3035 570 3075 3,
599 3036 649 3065 17.
674 3036 705 3068 2.
753 3034 769 3055 ⁸
794 3038 849 3078 34,
874 3040 903 3069 9.
933 3040 983 3072 12.
1033 3037 1048 3058 ¹·
1071 3042 1104 3081 3,
1131 3043 1183 3072 ιι.
1209 3043 1239 3074 5.
1292 3038 1322 3060 ¹⁰
1343 3041 1453 3074 strab.
1481 3043 1555 3075 106.
