2168 3278
965 885 1035 948 ³1,

312 1048 349 1090 1.
403 1043 609 1103 Polybius
638 1047 724 1090 duo
748 1046 976 1102 distinguit
996 1060 1135 1090 rerum
1168 1047 1421 1102 scriptorum
1447 1059 1618 1101 genera,
1645 1058 1821 1100 quorum

196 1114 321 1157 alteri
354 1114 523 1168 quidem
548 1127 686 1169 neque
715 1114 883 1157 labores
907 1127 1045 1168 neque
1073 1114 1266 1170 pericula
1288 1114 1570 1172 suscipientes
1601 1112 1820 1156 historiam

195 1183 258 1225 ita
288 1186 474 1225 tractare
504 1187 722 1237 conantur,
751 1186 799 1225 ut
821 1182 866 1224 in
886 1182 990 1225 urbe
1010 1180 1156 1237 aliqua
1184 1182 1436 1225 commorari
1465 1181 1679 1236 studeant,
1709 1192 1820 1236 quae

195 1249 393 1292 librorum
424 1246 590 1306 copiam
608 1250 670 1292 eis
686 1250 848 1304 offerat,
877 1254 951 1292 aut
980 1249 1171 1304 aliquam
1190 1249 1492 1293 bibliothecam
1519 1249 1564 1292 in
1582 1249 1820 1306 propinquo

196 1318 362 1360 habeat.
380 1319 392 1343 ¹
425 1332 525 1360 nam
563 1332 616 1361 ex
645 1318 747 1360 solis
787 1317 906 1361 libris
947 1317 1169 1361 scientiam
1205 1331 1329 1361 suam
1370 1318 1617 1371 depromere
1656 1316 1821 1359 malunt

195 1390 237 1427 et
281 1385 394 1427 domi
433 1385 630 1428 sedentes
669 1390 797 1439 atquc
837 1386 967 1428 libros
1012 1390 1330 1440 perscrutantes
1354 1385 1541 1443 priorum
1568 1384 1818 1438 scriptorum

193 1465 354 1495 errores
383 1454 636 1509 vituperare.
683 1453 849 1507 gra-tius
884 1454 945 1495 eis
986 1457 1051 1496 est
1079 1453 1209 1496 libros
1239 1454 1440 1508 colligere
1470 1453 1514 1494 in
1544 1453 1692 1507 eisquc
1721 1451 1819 1494 hae·

194 1521 333 1562 rentes
364 1521 418 1563 de
446 1521 607 1564 ultimis
635 1521 882 1563 nationibus
912 1521 1130 1565 historiam
1160 1521 1439 1573 conscribere,
1469 1533 1598 1574 quam
1628 1516 1817 1576 ipsorum

191 1588 441 1644 populorum
472 1588 596 1632 sedes
625 1601 847 1644 moresque
876 1588 1019 1632 videre
1057 1592 1184 1643 atque
1223 1588 1458 1645 explorare.
1473 1590 1490 1614 2
1520 1587 1584 1631 his
1613 1587 1818 1631 Timaeus

192 1649 536 1701 adnumerandus
565 1661 642 1711 est,
673 1657 745 1711 qui
775 1670 851 1714 per
882 1656 1104 1700 continuos
1133 1656 1444 1712 quinquaginta
1474 1668 1612 1699 annos
1638 1655 1817 1699 Athenis

192 1738 238 1769 se
262 1730 476 1769 versatum
504 1738 598 1768 esse
627 1725 894 1780 gloriabatur
932 1729 974 1767 et
1013 1738 1066 1767 ex
1104 1725 1229 1769 lectis
1257 1724 1441 1782 putabat
1476 1724 1597 1767 libris
1625 1727 1816 1767 veterum

193 1793 444 1849 scriptorum
473 1806 521 1836 se
562 1794 795 1836 maximum
839 1793 922 1836 sibi
956 1806 1134 1849 parasse
1174 1792 1467 1849 adjumentum
1511 1794 1567 1835 ad
1595 1791 1816 1835 historiam

192 1861 553 1905 conscribendam.
570 1865 587 1890 ⁸
616 1875 762 1904 omnes
791 1866 933 1904 autem
962 1861 1004 1904 hi
1019 1857 1112 1916 viri,
1143 1861 1216 1916 qui
1246 1877 1273 1906 a
1288 1863 1384 1905 sola
1405 1862 1608 1905 librorum
1633 1859 1816 1903 lectione

192 1929 370 1984 profecti
400 1929 457 1972 ad
478 1928 697 1972 historiam
717 1943 763 1973 se
781 1934 949 1973 vertunt
969 1929 1253 1984 tractandam,
1280 1930 1513 1985 pictoribus
1535 1928 1622 1971 illis
1651 1927 1815 1972 similes

192 2001 303 2052 sunt,
333 1997 405 2052 qui
436 2010 522 2053 non
562 1997 619 2040 ad
656 1998 772 2040 vitae
805 2004 932 2052 atque
970 2000 1151 2040 naturae
1190 1999 1370 2041 formam
1401 1997 1614 2053 imagines
1639 1996 1814 2040 reddere

191 2065 375 2120 student,
406 2078 666 2120 quorumque
684 2066 882 2122 operibus
898 2066 952 2108 ob
972 2066 1081 2109 hanc
1098 2066 1237 2120 ipsam
1255 2079 1432 2109 causam
1451 2070 1631 2109 naturae
1654 2064 1814 2120 veritas

191 2136 233 2175 et
262 2131 385 2187 vigor
414 2132 548 2177 abest.
565 2136 583 2160 ⁴
607 2134 716 2177 tales
746 2133 976 2188 scriptores
1002 2133 1105 2177 nihil
1132 2138 1321 2189 narrant,
1352 2133 1466 2188 quod
1488 2133 1571 2189 ipsi
1600 2132 1812 2187 viderunt,

190 2200 294 2243 nihil
331 2201 552 2257 perspicue
583 2206 817 2256 exponunt,
855 2215 937 2256 quo
980 2202 1036 2255 fit,
1077 2206 1123 2245 ut
1163 2203 1325 2245 nullam
1366 2201 1531 2257 possint
1569 2201 1811 2256 legentibus

190 2268 339 2311 afferre
367 2268 641 2313 utilitatem.⁵
679 2270 794 2324 quod
834 2274 921 2312 tum
961 2271 1147 2313 maxime
1178 2274 1370 2326 apparet,
1411 2283 1505 2312 cum
1537 2270 1710 2325 singula
1739 2269 1811 2311 de-

188 2336 385 2393 scripturi
422 2341 522 2380 sunt
562 2337 616 2380 de
656 2337 829 2381 urbibus
854 2341 896 2380 et
925 2337 1043 2392 locis,
1083 2341 1261 2393 quorum
1287 2338 1458 2394 penitus
1487 2341 1586 2381 sunt
1609 2336 1809 2394 imperiti.

301 2405 339 2447 2.
394 2405 526 2460 Cujus
545 2406 742 2450 inscitiae
758 2419 936 2460 errores,
964 2408 1033 2461 qui
1057 2420 1225 2450 summa
1254 2407 1493 2461 ignominia
1512 2419 1653 2449 rerum
1680 2405 1811 2461 serip-

187 2477 299 2515 tores
331 2472 537 2525 afficiunt,
581 2474 760 2517 alterum
797 2487 941 2518 eorum
978 2488 1116 2529 genus
1144 2476 1330 2530 effugere
1357 2479 1509 2531 potest,
1552 2474 1625 2528 qui
1655 2486 1707 2522 ea
1738 2473 1811 2516 via

186 2545 371 2595 utuntur,
414 2544 541 2596 quam
572 2542 773 2598 Polybius
811 2543 874 2586 eis
914 2543 1198 2586 commendat.
1242 2545 1350 2599 petit
1382 2544 1496 2586 enim
1535 2544 1590 2585 ab
1616 2542 1729 2602 illis„
1749 2546 1808 2595 ut,

186 2618 297 2661 quae
324 2609 579 2665 descripturi
606 2610 703 2666 sint,
747 2611 831 2666 ipsi
864 2610 1048 2654 viderint
1081 2613 1126 2654 in
1152 2613 1299 2666 eisquc
1327 2610 1623 2667 perpetrandis
1650 2608 1809 2651 versati

185 2677 270 2717 sint
296 2679 425 2731 atque
447 2679 645 2733 occupati
675 2682 718 2721 et
745 2678 789 2720 in
814 2679 935 2721 bellis
960 2680 1160 2733 gerendis
1190 2685 1232 2722 et
1256 2680 1311 2725 in¹
1327 2694 1373 2722 re
1402 2679 1574 2735 publica
1603 2676 1808 2720 adminis-

183 2744 351 2787 tranda.
383 2745 467 2789 duo
497 2746 619 2789 nobis
639 2746 921 2790 instrumenta
947 2751 1102 2791 natura
1129 2748 1260 2802 dedit,
1290 2747 1441 2802 quibus
1460 2746 1605 2789 omnia
1627 2753 1808 2800 cognos-

184 2810 319 2854 cimus
336 2819 478 2867 .atque
508 2814 792 2870 exploramus,
828 2814 1021 2858 auditum
1059 2818 1102 2857 et
1125 2814 1275 2869 visum,
1306 2814 1359 2857 de
1386 2814 1539 2869 quibus
1568 2813 1686 2857 visus
1718 2812 1806 2868 qui-

274 2959 286 2980 ¹
312 2962 382 2994 1³01.
417 2964 469 3003 12,
502 2964 556 2995 27.
592 2966 622 2994 4.
682 2962 699 2984 ²
725 2966 775 3005 12,
813 2966 896 2997 28⁸.
930 2967 962 2998 4.
1023 2961 1037 2983 ³
1066 2965 1120 3005 12,
1152 2965 1237 2996 25d.
1265 2968 1293 2997 1.
1328 2964 1414 2995 2511.
1444 2967 1471 2994 1.
1535 2962 1549 2982 ⁴
1577 2965 1629 3005 12,
1663 2964 1748 2995 2512.
1774 2965 1805 2994 3.

184 3016 197 3037 ⁵
225 3020 277 3061 12,
302 3019 384 3058 253.
411 3020 442 3052 2.
469 3029 562 3061 sequ.

1536 3076 1554 3111 l
