2168 3278
988 113 1045 159 55

206 237 487 305 giniensrum
516 232 628 283 urbs
655 239 870 311 conspici
881 241 1034 296 potest:
1074 238 1432 295 promontorium
1459 239 1581 299 υἱῆας
1606 237 1829 300 estangl-

202 296 428 371 niensium,
447 307 573 371 quod
598 305 927 379 septentriones
939 305 1091 351 *ersus
1118 307 1179 351 in
1189 307 1325 350 mare
1335 296 1562 363 probini-it,
1592 305 1828 370 Pulchrum

206 362 461 418 nominatur
497 375 564 432 (τύ
600 371 761 419 aaz&
782 373 1083 433 ἇκρωτήρωνΥ
1077 409 1091 431 ,
1092 378 1120 403 ³
1152 375 1350 419 alterum
1382 363 1655 419 Hermaeum
1679 374 1772 419 est
1783 372 1829 435 (ἦ

202 431 396 499 ‘Emoda
405 440 544 500 ἄκρα),
561 446 604 471 2
601 432 737 499 qued
764 458 792 487 a
813 443 926 488 sinu
952 442 1228 499 Carthaginis
1267 442 1331 486 ad
1354 441 1549 488 Siciliam
1576 454 1728 487 versus
1757 454 1829 486 ex·

200 509 340 554 curiit.
1552 537 1559 549 .

279 579 442 630 Quod·
468 579 672 635 Polybius
706 580 765 622 ad
794 580 966 623 Africae
994 579 1215 636 pulchram
1244 578 1580 635 promontorium
1603 578 1828 639 Tarseinm

204 646 364 692 Mastia
385 647 539 705 posuit,
570 660 711 692 errore
740 647 900 691 factum
928 658 1023 692 esse
1045 646 1138 704 jam
1166 645 1522 705 supradiximus.

549 908 597 943 b.
643 909 723 943 lle
746 907 964 944 Africae
987 905 1480 949 aracaeum-taust)

321 1009 358 1052 1.
415 1009 534 1052 Mare
555 1015 745 1066 exterum
767 1010 844 1067 diu
867 1011 971 1053 solis
990 1009 1272 1054 Phoenicibus
1298 1013 1445 1053 notum
1473 1012 1579 1064 erat,
1605 1023 1633 1051 a
1661 1007 1830 1062 quibus,

205 1081 251 1117 ut
282 1076 470 1120 Graecos
501 1076 556 1119 ab
584 1090 634 1119 eo
674 1077 955 1133 prohiberent,
997 1077 1222 1120 fabulosae
1261 1076 1364 1120 illae
1390 1075 1660 1119 narrationes
1691 1073 1829 1118 divul-

204 1148 335 1196 gatae
366 1148 476 1196 sunt,
521 1157 630 1197 quae
667 1144 723 1187 ab
753 1144 942 1199 antiquis
980 1144 1046 1188 his
1077 1146 1131 1188 de
1161 1140 1409 1199 regionibus
1439 1144 1564 1187 nobis
1590 1136 1828 1187 traduntur.

204 1209 436 1254 Phoenices
461 1217 604 1254 autem
627 1212 940 1268 septentriones
968 1226 1115 1256 versus
1146 1217 1188 1256 et
1215 1212 1272 1256 ad
1302 1211 1521 1255 meridiem
1550 1208 1828 1266 navigabant,

205 1280 247 1319 et
269 1277 629 1332 quemadmodum
663 1278 719 1322 ad
746 1279 878 1322 maris
920 1279 1077 1323 interni
1107 1292 1206 1322 oras
1243 1278 1434 1335 emporia
1470 1291 1551 1322 sua
1580 1278 1829 1334 opportunis

206 1346 313 1389 locis
344 1346 573 1401 habebant,
611 1347 674 1390 sic
705 1348 835 1390 etiam
865 1347 923 1390 ad
955 1360 1054 1390 oras
1082 1348 1229 1391 exteri.
1290 1347 1344 1391 de
1371 1346 1631 1391 occidentali
1657 1337 1829 1401 quidem

204 1412 378 1456 Africae
418 1427 493 1456 ora
524 1418 704 1469 constat,
748 1413 1028 1469 perantiquas
1068 1413 1128 1457 ibi
1167 1413 1425 1458 Phoenicum
1465 1413 1656 1457 colonias
1684 1412 1831 1467 fuisse,

206 1494 307 1523 nam
337 1481 561 1525 Hannonis
590 1481 956 1535 Carthaginiensis
998 1481 1186 1537 periplus
1228 1495 1255 1525 a
1280 1482 1446 1526 Graeco
1463 1475 1682 1541 »quodam'
1707 1480 1830 1523 nobis

204 1547 388 1591 traditus
428 1552 505 1599 est,
550 1562 675 1603 quem
706 1548 845 1592 medio
875 1549 963 1592 fere
1000 1546 1150 1603 quinto
1179 1549 1350 1593 saeculo
1388 1563 1428 1592 a.
1460 1548 1554 1593 Chr.
1585 1544 1829 1609 susceptum

205 1628 300 1660 esse
329 1616 442 1660 docti
471 1616 551 1660 viri
591 1620 758 1673 putant,
774 1617 791 1644 ³
826 1621 872 1660 ut
913 1616 958 1659 in
986 1620 1151 1660 veteres
1186 1617 1379 1661 colonias
1405 1617 1505 1661 novi
1531 1614 1671 1661 coloni
1700 1610 1830 1659 dedu-

205 1688 402 1727 cerentur
430 1697 652 1739 novaeque
679 1684 973 1728 conderentur.
1033 1683 1185 1728 eodem
1214 1688 1405 1740 tempore
1435 1685 1568 1729 etiam
1597 1685 1652 1729 ab
1683 1675 1831 1728 Himil-

205 1764 311 1794 cone
336 1752 645 1807 septentriones
674 1765 822 1795 versus
852 1752 1071 1808 expeditio
1099 1752 1218 1795 facta
1247 1756 1325 1795 est.
1340 1755 1358 1779 ⁴
1388 1752 1545 1795 multas
1574 1751 1830 1796 Phoenicum

205 1819 395 1863 colonias
422 1820 480 1863 ad
508 1834 629 1864 oram
661 1821 849 1876 libycam
878 1834 975 1864 esse
1008 1819 1138 1864 etiam
1167 1819 1473 1865 Eratosthenes
1488 1823 1505 1850 ⁵
1533 1825 1762 1877 putaverat
1789 1823 1832 1862 et

207 1887 394 1944 Ophelas
439 1888 697 1945 Cyrenaeus,
713 1891 730 1917 ⁶
773 1901 950 1943 quorum
992 1887 1066 1931 ille
1101 1886 1272 1941 quidem
1312 1901 1400 1932 non
1439 1887 1581 1933 minus
1616 1887 1832 1933 trecentas

207 1957 333 1999 urbes
361 1955 423 1999 ibi
451 1969 545 1999 esse
574 1956 753 1999 dixerat.
782 1955 953 2012 Polybii
968 1968 1137 2010 quoque
1156 1957 1418 2013 temporibus
1434 1957 1579 2011 fuisse,
1606 1955 1681 2020 quj
1703 1954 1831 1999 Phoe-

206 2023 348 2066 nicum
376 2023 568 2067 colonias
598 2023 659 2066 ibi
698 2028 869 2066 exstare
896 2027 1109 2079 putarent,
1149 2036 1234 2066 non
1274 2028 1339 2067 est
1369 2037 1444 2067 cur
1472 2037 1690 2079 negemus,
1735 2035 1830 2067 cum

209 2091 353 2147 Scipio
378 2089 645 2134 Aemilianus
676 2090 867 2147 Polybio,
896 2091 1094 2150 quamvis
1125 2090 1277 2146 ami00‚
1314 2090 1373 2135 ad
1402 2105 1521 2135 mare
1550 2091 1658 2136 illud
1695 2104 1831 2135 oram-

206 2171 288 2213 que
317 2157 490 2201 Africae
519 2157 786 2214 exploranda
828 2163 871 2201 et
917 2158 974 2201 ad
1016 2158 1240 2201 scientiam
1271 2157 1438 2215 Polybii
1483 2156 1830 2216 amplificandam

208 2226 387 2270 classem
431 2238 532 2276 non*
548 2225 751 2281 dedisset,
797 2226 882 2269 nisi
912 2226 1039 2273 simul
1079 2226 1139 2270 rei
1178 2227 1378 2282 publicae
1421 2241 1525 2271 usus
1564 2226 1832 2271 accessisset.

210 2294 356 2349 itaque
371 2306 468 2336 cum
485 2292 635 2355 ‘Scipio
660 2296 760 2337 ante
782 2293 923 2350 ipsam
943 2293 1245 2348 Carthaginem
1262 2294 1457 2338 ultimum
1481 2295 1637 2337 bellum
1654 2288 1833 2352 gerebat

206 2356 354 2406 contra
380 2357 769 2418 carthaginienses,
799 2361 1002 2418 Polybius
1031 2362 1202 2406 Africae
1230 2362 1332 2406 litus
1348 2362 1617 2407 occidentale
1642 2355 1833 2420 persc'rn-

205 2425 322 2492 tatus
348 2434 425 2485 est,
472 2442 611 2484 neque
640 2429 866 2484 quisquam
896 2435 994 2486 post
1022 2429 1244 2487 Polybium
1276 2445 1351 2487 per
1379 2431 1515 2475 multa
1544 2426 1720 2475 saecula
1748 2443 1832 2474 me-

112 2521 122 2530 r
205 2498 354 2558 liorem
376 2497 451 2541 illo
480 2501 609 2560 atque
626 2494 875 2555 ampliorem
897 2496 962 2541 his
990 2496 1043 2542 de
1059 2498 1308 2554 regionibus
1331 2497 1518 2542 habebat
1532 2497 1833 2554 cognitionem,

207 2570 303 2610 c‘um
331 2564 537 2622 Polybius
578 2566 697 2608 solus
732 2570 830 2620 post
861 2566 1087 2628 Hannonis
1120 2565 1436 2620 expeditionem
1466 2566 1561 2621 ipse
1590 2566 1701 2609 hanc
1731 2579 1835 2608 orae

205 2632 378 2696 libycae
408 2637 573 2690 partem
600 2632 781 2676 vidisset
814 2638 944 2688 atque
973 2632 1249 2690 explorasset.

270 2698 272 2701 ’
318 2700 358 2744 2.
416 2701 558 2756 Atque
586 2714 640 2744 ex
667 2701 894 2745 Hannonis
932 2700 1103 2756 quidem
1134 2701 1299 2758 periplo
1338 2701 1637 2745 nonnullorum
1665 2705 1832 2745 tantum

297 2825 334 2869 ¹‘)
358 2829 399 2859 cf.
424 2827 615 2868 Geogrsphi
639 2828 785 2859 minores
809 2828 860 2859 ed.
884 2827 921 2860 C.
946 2828 1100 2862 Mueller.
1126 2831 1151 2864 l.
1197 2876 1201 2879 .

301 2983 311 3005 ¹
337 2987 370 3027 3,
394 2985 450 3018 22.
478 2987 508 3017 5.
558 2982 575 3001 ²
600 2987 632 3027 1,
657 2986 712 3018 29.
739 2988 769 3016 2.
810 2983 824 3005 ³
849 2985 971 3027 Geogr.
994 2988 1075 3020 min.
1101 2987 1202 3027 praef.
1233 2995 1262 3026 p.
1288 2988 1342 3018 22.
1374 2985 1388 3006 ⁴
1413 2987 1501 3019 Plin.
1527 2988 1558 3029 2,
1583 2987 1636 3020 67.
1687 2984 1702 3004 ⁵
1725 2986 1832 3021 Strsb.

204 3053 237 3084 Ρ.
264 3043 340 3072 826.
365 3042 444 3073 829.
492 3038 507 3059 ⁸
522 3042 611 3073 Plin.
636 3044 669 3083 5,
694 3045 723 3072 l.
743 3044 780 3073 (8.
